ts_recv,ts_event,rtype,publisher_id,instrument_id,action,side,depth,price,size,flags,ts_in_delta,sequence,bid_px_00,ask_px_00,bid_sz_00,ask_sz_00,bid_ct_00,ask_ct_00,bid_px_01,ask_px_01,bid_sz_01,ask_sz_01,bid_ct_01,ask_ct_01,bid_px_02,ask_px_02,bid_sz_02,ask_sz_02,bid_ct_02,ask_ct_02,bid_px_03,ask_px_03,bid_sz_03,ask_sz_03,bid_ct_03,ask_ct_03,bid_px_04,ask_px_04,bid_sz_04,ask_sz_04,bid_ct_04,ask_ct_04,bid_px_05,ask_px_05,bid_sz_05,ask_sz_05,bid_ct_05,ask_ct_05,bid_px_06,ask_px_06,bid_sz_06,ask_sz_06,bid_ct_06,ask_ct_06,bid_px_07,ask_px_07,bid_sz_07,ask_sz_07,bid_ct_07,ask_ct_07,bid_px_08,ask_px_08,bid_sz_08,ask_sz_08,bid_ct_08,ask_ct_08,bid_px_09,ask_px_09,bid_sz_09,ask_sz_09,bid_ct_09,ask_ct_09,symbol
2024-10-21T11:54:29.221230963Z,2024-10-21T11:54:29.221064336Z,10,2,38,C,B,1,233.62,2,130,166627,11405847,233.67,233.74,139,200,1,1,233.53,233.75,10,1,1,1,233.52,233.77,200,8,1,1,233.48,233.78,28,150,1,2,233.45,233.79,15,29,1,1,233.4,233.8,110,25,2,1,233.39,233.94,10,200,1,1,233.31,233.98,110,44,2,3,233.3,234.0,100,155,1,7,233.25,234.13,55,400,2,1,AAPL
2024-10-21T11:54:29.223936626Z,2024-10-21T11:54:29.223769812Z,10,2,38,A,B,0,233.67,2,130,166814,11405848,233.67,233.74,141,200,2,1,233.53,233.75,10,1,1,1,233.52,233.77,200,8,1,1,233.48,233.78,28,150,1,2,233.45,233.79,15,29,1,1,233.4,233.8,110,25,2,1,233.39,233.94,10,200,1,1,233.31,233.98,110,44,2,3,233.3,234.0,100,155,1,7,233.25,234.13,55,400,2,1,AAPL
2024-10-21T11:54:29.225196809Z,2024-10-21T11:54:29.225030400Z,10,2,38,A,B,0,233.67,3,130,166409,11405849,233.67,233.74,144,200,3,1,233.53,233.75,10,1,1,1,233.52,233.77,200,8,1,1,233.48,233.78,28,150,1,2,233.45,233.79,15,29,1,1,233.4,233.8,110,25,2,1,233.39,233.94,10,200,1,1,233.31,233.98,110,44,2,3,233.3,234.0,100,155,1,7,233.25,234.13,55,400,2,1,AAPL
2024-10-21T11:54:29.712600612Z,2024-10-21T11:54:29.712434212Z,10,2,38,A,B,2,233.52,200,130,166400,11406449,233.67,233.74,144,200,3,1,233.53,233.75,10,1,1,1,233.52,233.77,400,8,2,1,233.48,233.78,28,150,1,2,233.45,233.79,15,29,1,1,233.4,233.8,110,25,2,1,233.39,233.94,10,200,1,1,233.31,233.98,110,44,2,3,233.3,234.0,100,155,1,7,233.25,234.13,55,400,2,1,AAPL
2024-10-21T11:54:29.764839221Z,2024-10-21T11:54:29.764673165Z,10,2,38,C,B,2,233.52,200,130,166056,11406501,233.67,233.74,144,200,3,1,233.53,233.75,10,1,1,1,233.52,233.77,200,8,1,1,233.48,233.78,28,150,1,2,233.45,233.79,15,29,1,1,233.4,233.8,110,25,2,1,233.39,233.94,10,200,1,1,233.31,233.98,110,44,2,3,233.3,234.0,100,155,1,7,233.25,234.13,55,400,2,1,AAPL
2024-10-21T11:54:29.764851707Z,2024-10-21T11:54:29.764685027Z,10,2,38,A,B,1,233.54,400,130,166680,11406502,233.67,233.74,144,200,3,1,233.54,233.75,400,1,1,1,233.53,233.77,10,8,1,1,233.48,233.78,28,150,1,2,233.45,233.79,15,29,1,1,233.4,233.8,110,25,2,1,233.39,233.94,10,200,1,1,233.31,233.98,110,44,2,3,233.3,234.0,100,155,1,7,233.25,234.13,55,400,2,1,AAPL
2024-10-21T11:54:36.289594629Z,2024-10-21T11:54:36.289427977Z,10,2,38,A,A,6,233.9,200,130,166652,11409388,233.67,233.74,144,200,3,1,233.54,233.75,400,1,1,1,233.53,233.77,10,8,1,1,233.48,233.78,28,150,1,2,233.45,233.79,15,29,1,1,233.4,233.8,110,25,2,1,233.39,233.9,10,200,1,1,233.31,233.94,110,200,2,1,233.3,233.98,100,44,1,3,233.25,234.0,55,155,2,7,AAPL
2024-10-21T11:54:37.990960617Z,2024-10-21T11:54:37.990793976Z,10,2,38,A,A,0,233.73,200,130,166641,11410372,233.67,233.73,144,200,3,1,233.54,233.75,400,1,1,1,233.53,233.77,10,8,1,1,233.48,233.78,28,150,1,2,233.45,233.79,15,29,1,1,233.4,233.8,110,25,2,1,233.39,233.9,10,200,1,1,233.31,233.94,110,200,2,1,233.3,233.98,100,44,1,3,233.25,234.0,55,155,2,7,AAPL
2024-10-21T11:54:39.124458000Z,2024-10-21T11:54:39.124291588Z,10,2,38,C,A,0,233.73,200,130,166412,11410864,233.67,233.75,144,1,3,1,233.54,233.77,400,8,1,1,233.53,233.78,10,150,1,2,233.48,233.79,28,29,1,1,233.45,233.8,15,25,1,1,233.4,233.9,110,200,2,1,233.39,233.94,10,200,1,1,233.31,233.98,110,44,2,3,233.3,234.0,100,155,1,7,233.25,234.13,55,400,2,1,AAPL
2024-10-21T11:54:39.134307134Z,2024-10-21T11:54:39.134140341Z,10,2,38,A,A,0,233.74,200,130,166793,11410873,233.67,233.74,144,200,3,1,233.54,233.75,400,1,1,1,233.53,233.77,10,8,1,1,233.48,233.78,28,150,1,2,233.45,233.79,15,29,1,1,233.4,233.8,110,25,2,1,233.39,233.9,10,200,1,1,233.31,233.94,110,200,2,1,233.3,233.98,100,44,1,3,233.25,234.0,55,155,2,7,AAPL
2024-10-21T11:54:41.233347439Z,2024-10-21T11:54:41.233181043Z,10,2,38,C,B,0,233.67,3,130,166396,11411787,233.67,233.74,141,200,2,1,233.54,233.75,400,1,1,1,233.53,233.77,10,8,1,1,233.48,233.78,28,150,1,2,233.45,233.79,15,29,1,1,233.4,233.8,110,25,2,1,233.39,233.9,10,200,1,1,233.31,233.94,110,200,2,1,233.3,233.98,100,44,1,3,233.25,234.0,55,155,2,7,AAPL
2024-10-21T11:54:41.234786818Z,2024-10-21T11:54:41.234620509Z,10,2,38,A,B,0,233.67,1,130,166309,11411790,233.67,233.74,142,200,3,1,233.54,233.75,400,1,1,1,233.53,233.77,10,8,1,1,233.48,233.78,28,150,1,2,233.45,233.79,15,29,1,1,233.4,233.8,110,25,2,1,233.39,233.9,10,200,1,1,233.31,233.94,110,200,2,1,233.3,233.98,100,44,1,3,233.25,234.0,55,155,2,7,AAPL
2024-10-21T11:54:41.236073416Z,2024-10-21T11:54:41.235907431Z,10,2,38,C,B,0,233.67,1,130,165985,11411831,233.67,233.74,141,200,2,1,233.54,233.75,400,1,1,1,233.53,233.77,10,8,1,1,233.48,233.78,28,150,1,2,233.45,233.79,15,29,1,1,233.4,233.8,110,25,2,1,233.39,233.9,10,200,1,1,233.31,233.94,110,200,2,1,233.3,233.98,100,44,1,3,233.25,234.0,55,155,2,7,AAPL
2024-10-21T11:54:41.236144516Z,2024-10-21T11:54:41.235977207Z,10,2,38,C,B,0,233.67,2,130,167309,11411832,233.67,233.74,139,200,1,1,233.54,233.75,400,1,1,1,233.53,233.77,10,8,1,1,233.48,233.78,28,150,1,2,233.45,233.79,15,29,1,1,233.4,233.8,110,25,2,1,233.39,233.9,10,200,1,1,233.31,233.94,110,200,2,1,233.3,233.98,100,44,1,3,233.25,234.0,55,155,2,7,AAPL
2024-10-21T11:54:41.238784694Z,2024-10-21T11:54:41.238618235Z,10,2,38,A,B,0,233.7,2,130,166459,11411834,233.7,233.74,2,200,1,1,233.67,233.75,139,1,1,1,233.54,233.77,400,8,1,1,233.53,233.78,10,150,1,2,233.48,233.79,28,29,1,1,233.45,233.8,15,25,1,1,233.4,233.9,110,200,2,1,233.39,233.94,10,200,1,1,233.31,233.98,110,44,2,3,233.3,234.0,100,155,1,7,AAPL
2024-10-21T11:54:41.239993456Z,2024-10-21T11:54:41.239827037Z,10,2,38,A,B,0,233.7,3,130,166419,11411835,233.7,233.74,5,200,2,1,233.67,233.75,139,1,1,1,233.54,233.77,400,8,1,1,233.53,233.78,10,150,1,2,233.48,233.79,28,29,1,1,233.45,233.8,15,25,1,1,233.4,233.9,110,200,2,1,233.39,233.94,10,200,1,1,233.31,233.98,110,44,2,3,233.3,234.0,100,155,1,7,AAPL
2024-10-21T11:54:50.970463583Z,2024-10-21T11:54:50.970297264Z,10,2,38,C,A,4,233.79,29,130,166319,11416279,233.7,233.74,5,200,2,1,233.67,233.75,139,1,1,1,233.54,233.77,400,8,1,1,233.53,233.78,10,150,1,2,233.48,233.8,28,25,1,1,233.45,233.9,15,200,1,1,233.4,233.94,110,200,2,1,233.39,233.98,10,44,1,3,233.31,234.0,110,155,2,7,233.3,234.13,100,400,1,1,AAPL
2024-10-21T11:54:50.970503601Z,2024-10-21T11:54:50.970336474Z,10,2,38,A,A,3,233.78,29,130,167127,11416280,233.7,233.74,5,200,2,1,233.67,233.75,139,1,1,1,233.54,233.77,400,8,1,1,233.53,233.78,10,179,1,3,233.48,233.8,28,25,1,1,233.45,233.9,15,200,1,1,233.4,233.94,110,200,2,1,233.39,233.98,10,44,1,3,233.31,234.0,110,155,2,7,233.3,234.13,100,400,1,1,AAPL
2024-10-21T11:54:53.247698803Z,2024-10-21T11:54:53.247532557Z,10,2,38,C,B,0,233.7,3,130,166246,11417889,233.7,233.74,2,200,1,1,233.67,233.75,139,1,1,1,233.54,233.77,400,8,1,1,233.53,233.78,10,179,1,3,233.48,233.8,28,25,1,1,233.45,233.9,15,200,1,1,233.4,233.94,110,200,2,1,233.39,233.98,10,44,1,3,233.31,234.0,110,155,2,7,233.3,234.13,100,400,1,1,AAPL
2024-10-21T11:54:53.249060172Z,2024-10-21T11:54:53.248893986Z,10,2,38,C,B,0,233.7,2,130,166186,11417890,233.67,233.74,139,200,1,1,233.54,233.75,400,1,1,1,233.53,233.77,10,8,1,1,233.48,233.78,28,179,1,3,233.45,233.8,15,25,1,1,233.4,233.9,110,200,2,1,233.39,233.94,10,200,1,1,233.31,233.98,110,44,2,3,233.3,234.0,100,155,1,7,233.25,234.13,55,400,2,1,AAPL
2024-10-21T11:54:53.251488043Z,2024-10-21T11:54:53.251320969Z,10,2,38,A,B,0,233.67,3,130,167074,11417891,233.67,233.74,142,200,2,1,233.54,233.75,400,1,1,1,233.53,233.77,10,8,1,1,233.48,233.78,28,179,1,3,233.45,233.8,15,25,1,1,233.4,233.9,110,200,2,1,233.39,233.94,10,200,1,1,233.31,233.98,110,44,2,3,233.3,234.0,100,155,1,7,233.25,234.13,55,400,2,1,AAPL
2024-10-21T11:54:53.252712795Z,2024-10-21T11:54:53.252546517Z,10,2,38,A,B,0,233.67,2,130,166278,11417894,233.67,233.74,144,200,3,1,233.54,233.75,400,1,1,1,233.53,233.77,10,8,1,1,233.48,233.78,28,179,1,3,233.45,233.8,15,25,1,1,233.4,233.9,110,200,2,1,233.39,233.94,10,200,1,1,233.31,233.98,110,44,2,3,233.3,234.0,100,155,1,7,233.25,234.13,55,400,2,1,AAPL
2024-10-21T11:54:55.503664023Z,2024-10-21T11:54:55.503497741Z,10,2,38,C,B,3,233.48,28,130,166282,11418757,233.67,233.74,144,200,3,1,233.54,233.75,400,1,1,1,233.53,233.77,10,8,1,1,233.45,233.78,15,179,1,3,233.4,233.8,110,25,2,1,233.39,233.9,10,200,1,1,233.31,233.94,110,200,2,1,233.3,233.98,100,44,1,3,233.25,234.0,55,155,2,7,233.24,234.13,1,400,1,1,AAPL
2024-10-21T11:54:55.503707349Z,2024-10-21T11:54:55.503541005Z,10,2,38,A,B,3,233.51,27,130,166344,11418758,233.67,233.74,144,200,3,1,233.54,233.75,400,1,1,1,233.53,233.77,10,8,1,1,233.51,233.78,27,179,1,3,233.45,233.8,15,25,1,1,233.4,233.9,110,200,2,1,233.39,233.94,10,200,1,1,233.31,233.98,110,44,2,3,233.3,234.0,100,155,1,7,233.25,234.13,55,400,2,1,AAPL
2024-10-21T11:54:55.551973702Z,2024-10-21T11:54:55.551806996Z,10,2,38,A,B,1,233.59,400,130,166706,11418795,233.67,233.74,144,200,3,1,233.59,233.75,400,1,1,1,233.53,233.77,10,8,1,1,233.51,233.78,27,179,1,3,233.45,233.8,15,25,1,1,233.4,233.9,110,200,2,1,233.39,233.94,10,200,1,1,233.31,233.98,110,44,2,3,233.3,234.0,100,155,1,7,233.25,234.13,55,400,2,1,AAPL
2024-10-21T11:54:58.133095032Z,2024-10-21T11:54:58.132928650Z,10,2,38,C,A,5,233.9,200,130,166382,11420067,233.67,233.74,144,200,3,1,233.59,233.75,400,1,1,1,233.53,233.77,10,8,1,1,233.51,233.78,27,179,1,3,233.45,233.8,15,25,1,1,233.4,233.94,110,200,2,1,233.39,233.98,10,44,1,3,233.31,234.0,110,155,2,7,233.3,234.13,100,400,1,1,233.25,234.17,55,1,2,1,AAPL
2024-10-21T11:54:58.134110732Z,2024-10-21T11:54:58.133944065Z,10,2,38,A,A,1,233.75,200,130,166667,11420068,233.67,233.74,144,200,3,1,233.59,233.75,400,201,1,2,233.53,233.77,10,8,1,1,233.51,233.78,27,179,1,3,233.45,233.8,15,25,1,1,233.4,233.94,110,200,2,1,233.39,233.98,10,44,1,3,233.31,234.0,110,155,2,7,233.3,234.13,100,400,1,1,233.25,234.17,55,1,2,1,AAPL
2024-10-21T11:55:09.125208612Z,2024-10-21T11:55:09.125042325Z,10,2,38,C,B,1,233.59,400,130,166287,11428279,233.67,233.74,144,200,3,1,233.53,233.75,10,201,1,2,233.51,233.77,27,8,1,1,233.45,233.78,15,179,1,3,233.4,233.8,110,25,2,1,233.39,233.94,10,200,1,1,233.31,233.98,110,44,2,3,233.3,234.0,100,155,1,7,233.25,234.13,55,400,2,1,233.24,234.17,1,1,1,1,AAPL
2024-10-21T11:55:09.125222408Z,2024-10-21T11:55:09.125055670Z,10,2,38,A,B,1,233.57,400,130,166738,11428280,233.67,233.74,144,200,3,1,233.57,233.75,400,201,1,2,233.53,233.77,10,8,1,1,233.51,233.78,27,179,1,3,233.45,233.8,15,25,1,1,233.4,233.94,110,200,2,1,233.39,233.98,10,44,1,3,233.31,234.0,110,155,2,7,233.3,234.13,100,400,1,1,233.25,234.17,55,1,2,1,AAPL
2024-10-21T11:55:09.160176239Z,2024-10-21T11:55:09.160009889Z,10,2,38,C,A,3,233.78,29,130,166350,11428375,233.67,233.74,144,200,3,1,233.57,233.75,400,201,1,2,233.53,233.77,10,8,1,1,233.51,233.78,27,150,1,2,233.45,233.8,15,25,1,1,233.4,233.94,110,200,2,1,233.39,233.98,10,44,1,3,233.31,234.0,110,155,2,7,233.3,234.13,100,400,1,1,233.25,234.17,55,1,2,1,AAPL
2024-10-21T11:55:09.160217682Z,2024-10-21T11:55:09.160051447Z,10,2,38,A,A,2,233.77,27,130,166235,11428376,233.67,233.74,144,200,3,1,233.57,233.75,400,201,1,2,233.53,233.77,10,35,1,2,233.51,233.78,27,150,1,2,233.45,233.8,15,25,1,1,233.4,233.94,110,200,2,1,233.39,233.98,10,44,1,3,233.31,234.0,110,155,2,7,233.3,234.13,100,400,1,1,233.25,234.17,55,1,2,1,AAPL
2024-10-21T11:55:13.899318666Z,2024-10-21T11:55:13.899151539Z,10,2,38,A,B,1,233.59,400,130,167127,11431712,233.67,233.74,144,200,3,1,233.59,233.75,400,201,1,2,233.53,233.77,10,35,1,2,233.51,233.78,27,150,1,2,233.45,233.8,15,25,1,1,233.4,233.94,110,200,2,1,233.39,233.98,10,44,1,3,233.31,234.0,110,155,2,7,233.3,234.13,100,400,1,1,233.25,234.17,55,1,2,1,AAPL
2024-10-21T11:55:22.016922342Z,2024-10-21T11:55:22.016715475Z,10,2,38,C,B,3,233.51,27,130,206867,11437208,233.67,233.74,144,200,3,1,233.59,233.75,400,201,1,2,233.53,233.77,10,35,1,2,233.45,233.78,15,150,1,2,233.4,233.8,110,25,2,1,233.39,233.94,10,200,1,1,233.31,233.98,110,44,2,3,233.3,234.0,100,155,1,7,233.25,234.13,55,400,2,1,233.24,234.17,1,1,1,1,AAPL
2024-10-21T11:55:22.060339836Z,2024-10-21T11:55:22.060173668Z,10,2,38,A,B,3,233.52,27,130,166168,11437365,233.67,233.74,144,200,3,1,233.59,233.75,400,201,1,2,233.53,233.77,10,35,1,2,233.52,233.78,27,150,1,2,233.45,233.8,15,25,1,1,233.4,233.94,110,200,2,1,233.39,233.98,10,44,1,3,233.31,234.0,110,155,2,7,233.3,234.13,100,400,1,1,233.25,234.17,55,1,2,1,AAPL
2024-10-21T11:55:22.132944892Z,2024-10-21T11:55:22.132778490Z,10,2,38,A,B,1,233.6,400,130,166402,11437593,233.67,233.74,144,200,3,1,233.6,233.75,400,201,1,2,233.53,233.77,10,35,1,2,233.52,233.78,27,150,1,2,233.45,233.8,15,25,1,1,233.4,233.94,110,200,2,1,233.39,233.98,10,44,1,3,233.31,234.0,110,155,2,7,233.3,234.13,100,400,1,1,233.25,234.17,55,1,2,1,AAPL
2024-10-21T11:55:26.448145163Z,2024-10-21T11:55:26.447978801Z,10,2,38,A,A,0,233.73,200,130,166362,11440665,233.67,233.73,144,200,3,1,233.6,233.75,400,201,1,2,233.53,233.77,10,35,1,2,233.52,233.78,27,150,1,2,233.45,233.8,15,25,1,1,233.4,233.94,110,200,2,1,233.39,233.98,10,44,1,3,233.31,234.0,110,155,2,7,233.3,234.13,100,400,1,1,233.25,234.17,55,1,2,1,AAPL
2024-10-21T11:55:30.365451020Z,2024-10-21T11:55:30.365285173Z,10,2,38,C,B,1,233.6,400,130,165847,11442747,233.67,233.73,144,200,3,1,233.53,233.75,10,201,1,2,233.52,233.77,27,35,1,2,233.45,233.78,15,150,1,2,233.4,233.8,110,25,2,1,233.39,233.94,10,200,1,1,233.31,233.98,110,44,2,3,233.3,234.0,100,155,1,7,233.25,234.13,55,400,2,1,233.24,234.17,1,1,1,1,AAPL
2024-10-21T11:55:30.365463941Z,2024-10-21T11:55:30.365297270Z,10,2,38,A,B,1,233.54,400,130,166671,11442749,233.67,233.73,144,200,3,1,233.54,233.75,400,201,1,2,233.53,233.77,10,35,1,2,233.52,233.78,27,150,1,2,233.45,233.8,15,25,1,1,233.4,233.94,110,200,2,1,233.39,233.98,10,44,1,3,233.31,234.0,110,155,2,7,233.3,234.13,100,400,1,1,233.25,234.17,55,1,2,1,AAPL
2024-10-21T11:55:30.377213560Z,2024-10-21T11:55:30.377046532Z,10,2,38,C,B,3,233.52,27,130,167028,11443045,233.67,233.73,144,200,3,1,233.54,233.75,400,201,1,2,233.53,233.77,10,35,1,2,233.45,233.78,15,150,1,2,233.4,233.8,110,25,2,1,233.39,233.94,10,200,1,1,233.31,233.98,110,44,2,3,233.3,234.0,100,155,1,7,233.25,234.13,55,400,2,1,233.24,234.17,1,1,1,1,AAPL
2024-10-21T11:55:30.377277043Z,2024-10-21T11:55:30.377110788Z,10,2,38,A,B,2,233.53,30,130,166255,11443050,233.67,233.73,144,200,3,1,233.54,233.75,400,201,1,2,233.53,233.77,40,35,2,2,233.45,233.78,15,150,1,2,233.4,233.8,110,25,2,1,233.39,233.94,10,200,1,1,233.31,233.98,110,44,2,3,233.3,234.0,100,155,1,7,233.25,234.13,55,400,2,1,233.24,234.17,1,1,1,1,AAPL
2024-10-21T11:55:30.509581691Z,2024-10-21T11:55:30.509413271Z,10,2,38,C,A,2,233.77,27,130,168420,11443614,233.67,233.73,144,200,3,1,233.54,233.75,400,201,1,2,233.53,233.77,40,8,2,1,233.45,233.78,15,150,1,2,233.4,233.8,110,25,2,1,233.39,233.94,10,200,1,1,233.31,233.98,110,44,2,3,233.3,234.0,100,155,1,7,233.25,234.13,55,400,2,1,233.24,234.17,1,1,1,1,AAPL
2024-10-21T11:55:30.509624409Z,2024-10-21T11:55:30.509458075Z,10,2,38,A,A,4,233.79,27,130,166334,11443615,233.67,233.73,144,200,3,1,233.54,233.75,400,201,1,2,233.53,233.77,40,8,2,1,233.45,233.78,15,150,1,2,233.4,233.79,110,27,2,1,233.39,233.8,10,25,1,1,233.31,233.94,110,200,2,1,233.3,233.98,100,44,1,3,233.25,234.0,55,155,2,7,233.24,234.13,1,400,1,1,AAPL
2024-10-21T11:55:30.560115755Z,2024-10-21T11:55:30.559949308Z,10,2,38,A,B,1,233.55,400,130,166447,11443807,233.67,233.73,144,200,3,1,233.55,233.75,400,201,1,2,233.53,233.77,40,8,2,1,233.45,233.78,15,150,1,2,233.4,233.79,110,27,2,1,233.39,233.8,10,25,1,1,233.31,233.94,110,200,2,1,233.3,233.98,100,44,1,3,233.25,234.0,55,155,2,7,233.24,234.13,1,400,1,1,AAPL
2024-10-21T11:55:31.195089596Z,2024-10-21T11:55:31.194923125Z,10,2,38,A,B,2,233.54,27,130,166471,11444867,233.67,233.73,144,200,3,1,233.55,233.75,400,201,1,2,233.54,233.77,27,8,1,1,233.53,233.78,40,150,2,2,233.45,233.79,15,27,1,1,233.4,233.8,110,25,2,1,233.39,233.94,10,200,1,1,233.31,233.98,110,44,2,3,233.3,234.0,100,155,1,7,233.25,234.13,55,400,2,1,AAPL
2024-10-21T11:55:31.195189780Z,2024-10-21T11:55:31.195023714Z,10,2,38,C,B,3,233.53,30,130,166066,11444870,233.67,233.73,144,200,3,1,233.55,233.75,400,201,1,2,233.54,233.77,27,8,1,1,233.53,233.78,10,150,1,2,233.45,233.79,15,27,1,1,233.4,233.8,110,25,2,1,233.39,233.94,10,200,1,1,233.31,233.98,110,44,2,3,233.3,234.0,100,155,1,7,233.25,234.13,55,400,2,1,AAPL
2024-10-21T11:55:34.079427496Z,2024-10-21T11:55:34.079261198Z,10,2,38,C,B,0,233.67,139,130,166298,11447051,233.67,233.73,5,200,2,1,233.55,233.75,400,201,1,2,233.54,233.77,27,8,1,1,233.53,233.78,10,150,1,2,233.45,233.79,15,27,1,1,233.4,233.8,110,25,2,1,233.39,233.94,10,200,1,1,233.31,233.98,110,44,2,3,233.3,234.0,100,155,1,7,233.25,234.13,55,400,2,1,AAPL
2024-10-21T11:55:35.303088788Z,2024-10-21T11:55:35.302921978Z,10,2,38,C,B,0,233.67,2,130,166810,11448345,233.67,233.73,3,200,1,1,233.55,233.75,400,201,1,2,233.54,233.77,27,8,1,1,233.53,233.78,10,150,1,2,233.45,233.79,15,27,1,1,233.4,233.8,110,25,2,1,233.39,233.94,10,200,1,1,233.31,233.98,110,44,2,3,233.3,234.0,100,155,1,7,233.25,234.13,55,400,2,1,AAPL
2024-10-21T11:55:35.303234088Z,2024-10-21T11:55:35.303067914Z,10,2,38,C,B,0,233.67,3,130,166174,11448346,233.55,233.73,400,200,1,1,233.54,233.75,27,201,1,2,233.53,233.77,10,8,1,1,233.45,233.78,15,150,1,2,233.4,233.79,110,27,2,1,233.39,233.8,10,25,1,1,233.31,233.94,110,200,2,1,233.3,233.98,100,44,1,3,233.25,234.0,55,155,2,7,233.24,234.13,1,400,1,1,AAPL
2024-10-21T11:55:35.304698115Z,2024-10-21T11:55:35.304531207Z,10,2,38,A,B,0,233.67,2,130,166908,11448347,233.67,233.73,2,200,1,1,233.55,233.75,400,201,1,2,233.54,233.77,27,8,1,1,233.53,233.78,10,150,1,2,233.45,233.79,15,27,1,1,233.4,233.8,110,25,2,1,233.39,233.94,10,200,1,1,233.31,233.98,110,44,2,3,233.3,234.0,100,155,1,7,233.25,234.13,55,400,2,1,AAPL
2024-10-21T11:55:35.305902949Z,2024-10-21T11:55:35.305736838Z,10,2,38,C,B,0,233.67,2,130,166111,11448348,233.55,233.73,400,200,1,1,233.54,233.75,27,201,1,2,233.53,233.77,10,8,1,1,233.45,233.78,15,150,1,2,233.4,233.79,110,27,2,1,233.39,233.8,10,25,1,1,233.31,233.94,110,200,2,1,233.3,233.98,100,44,1,3,233.25,234.0,55,155,2,7,233.24,234.13,1,400,1,1,AAPL
2024-10-21T11:55:35.374378511Z,2024-10-21T11:55:35.374212373Z,10,2,38,C,B,0,233.55,400,130,166138,11448379,233.54,233.73,27,200,1,1,233.53,233.75,10,201,1,2,233.45,233.77,15,8,1,1,233.4,233.78,110,150,2,2,233.39,233.79,10,27,1,1,233.31,233.8,110,25,2,1,233.3,233.94,100,200,1,1,233.25,233.98,55,44,2,3,233.24,234.0,1,155,1,7,233.23,234.13,50,400,1,1,AAPL
2024-10-21T11:55:35.374392676Z,2024-10-21T11:55:35.374226300Z,10,2,38,A,B,2,233.5,200,130,166376,11448380,233.54,233.73,27,200,1,1,233.53,233.75,10,201,1,2,233.5,233.77,200,8,1,1,233.45,233.78,15,150,1,2,233.4,233.79,110,27,2,1,233.39,233.8,10,25,1,1,233.31,233.94,110,200,2,1,233.3,233.98,100,44,1,3,233.25,234.0,55,155,2,7,233.24,234.13,1,400,1,1,AAPL
2024-10-21T11:55:38.243838236Z,2024-10-21T11:55:38.243671650Z,10,2,38,C,A,0,233.73,200,130,166586,11450385,233.54,233.75,27,201,1,2,233.53,233.77,10,8,1,1,233.5,233.78,200,150,1,2,233.45,233.79,15,27,1,1,233.4,233.8,110,25,2,1,233.39,233.94,10,200,1,1,233.31,233.98,110,44,2,3,233.3,234.0,100,155,1,7,233.25,234.13,55,400,2,1,233.24,234.17,1,1,1,1,AAPL
2024-10-21T11:55:38.243849825Z,2024-10-21T11:55:38.243683612Z,10,2,38,A,A,0,233.75,200,130,166213,11450386,233.54,233.75,27,401,1,3,233.53,233.77,10,8,1,1,233.5,233.78,200,150,1,2,233.45,233.79,15,27,1,1,233.4,233.8,110,25,2,1,233.39,233.94,10,200,1,1,233.31,233.98,110,44,2,3,233.3,234.0,100,155,1,7,233.25,234.13,55,400,2,1,233.24,234.17,1,1,1,1,AAPL
2024-10-21T11:55:38.298503075Z,2024-10-21T11:55:38.298336797Z,10,2,38,A,B,2,233.51,200,130,166278,11450436,233.54,233.75,27,401,1,3,233.53,233.77,10,8,1,1,233.51,233.78,200,150,1,2,233.45,233.79,15,27,1,1,233.4,233.8,110,25,2,1,233.39,233.94,10,200,1,1,233.31,233.98,110,44,2,3,233.3,234.0,100,155,1,7,233.25,234.13,55,400,2,1,233.24,234.17,1,1,1,1,AAPL
2024-10-21T11:55:38.572580545Z,2024-10-21T11:55:38.572413983Z,10,2,38,A,A,0,233.74,200,130,166562,11450747,233.54,233.74,27,200,1,1,233.53,233.75,10,201,1,2,233.51,233.77,200,8,1,1,233.45,233.78,15,150,1,2,233.4,233.79,110,27,2,1,233.39,233.8,10,25,1,1,233.31,233.94,110,200,2,1,233.3,233.98,100,44,1,3,233.25,234.0,55,155,2,7,233.24,234.13,1,400,1,1,AAPL
2024-10-21T11:55:44.733677601Z,2024-10-21T11:55:44.733510979Z,10,2,38,A,B,0,233.55,29,130,166622,11455418,233.55,233.74,29,200,1,1,233.54,233.75,27,201,1,2,233.53,233.77,10,8,1,1,233.51,233.78,200,150,1,2,233.45,233.79,15,27,1,1,233.4,233.8,110,25,2,1,233.39,233.94,10,200,1,1,233.31,233.98,110,44,2,3,233.3,234.0,100,155,1,7,233.25,234.13,55,400,2,1,AAPL
2024-10-21T11:55:44.792124247Z,2024-10-21T11:55:44.791957886Z,10,2,38,C,B,1,233.54,27,130,166361,11455485,233.55,233.74,29,200,1,1,233.53,233.75,10,201,1,2,233.51,233.77,200,8,1,1,233.45,233.78,15,150,1,2,233.4,233.79,110,27,2,1,233.39,233.8,10,25,1,1,233.31,233.94,110,200,2,1,233.3,233.98,100,44,1,3,233.25,234.0,55,155,2,7,233.24,234.13,1,400,1,1,AAPL
2024-10-21T11:55:51.294115015Z,2024-10-21T11:55:51.293948230Z,10,2,38,A,A,0,233.73,100,130,166785,11459624,233.55,233.73,29,100,1,1,233.53,233.74,10,200,1,1,233.51,233.75,200,201,1,2,233.45,233.77,15,8,1,1,233.4,233.78,110,150,2,2,233.39,233.79,10,27,1,1,233.31,233.8,110,25,2,1,233.3,233.94,100,200,1,1,233.25,233.98,55,44,2,3,233.24,234.0,1,155,1,7,AAPL
2024-10-21T11:55:51.294383491Z,2024-10-21T11:55:51.294217665Z,10,2,38,C,A,0,233.73,100,130,165826,11459625,233.55,233.74,29,200,1,1,233.53,233.75,10,201,1,2,233.51,233.77,200,8,1,1,233.45,233.78,15,150,1,2,233.4,233.79,110,27,2,1,233.39,233.8,10,25,1,1,233.31,233.94,110,200,2,1,233.3,233.98,100,44,1,3,233.25,234.0,55,155,2,7,233.24,234.13,1,400,1,1,AAPL
2024-10-21T11:55:51.365354478Z,2024-10-21T11:55:51.365188500Z,10,2,38,C,B,2,233.51,200,130,165978,11459674,233.55,233.74,29,200,1,1,233.53,233.75,10,201,1,2,233.45,233.77,15,8,1,1,233.4,233.78,110,150,2,2,233.39,233.79,10,27,1,1,233.31,233.8,110,25,2,1,233.3,233.94,100,200,1,1,233.25,233.98,55,44,2,3,233.24,234.0,1,155,1,7,233.23,234.13,50,400,1,1,AAPL
2024-10-21T11:55:51.401763373Z,2024-10-21T11:55:51.401597368Z,10,2,38,A,B,2,233.47,200,130,166005,11459719,233.55,233.74,29,200,1,1,233.53,233.75,10,201,1,2,233.47,233.77,200,8,1,1,233.45,233.78,15,150,1,2,233.4,233.79,110,27,2,1,233.39,233.8,10,25,1,1,233.31,233.94,110,200,2,1,233.3,233.98,100,44,1,3,233.25,234.0,55,155,2,7,233.24,234.13,1,400,1,1,AAPL
2024-10-21T11:55:53.213495106Z,2024-10-21T11:55:53.213328704Z,10,2,38,A,A,6,233.81,26,130,166402,11460545,233.55,233.74,29,200,1,1,233.53,233.75,10,201,1,2,233.47,233.77,200,8,1,1,233.45,233.78,15,150,1,2,233.4,233.79,110,27,2,1,233.39,233.8,10,25,1,1,233.31,233.81,110,26,2,1,233.3,233.94,100,200,1,1,233.25,233.98,55,44,2,3,233.24,234.0,1,155,1,7,AAPL
2024-10-21T11:55:53.213531364Z,2024-10-21T11:55:53.213365167Z,10,2,38,C,A,4,233.79,27,130,166197,11460546,233.55,233.74,29,200,1,1,233.53,233.75,10,201,1,2,233.47,233.77,200,8,1,1,233.45,233.78,15,150,1,2,233.4,233.8,110,25,2,1,233.39,233.81,10,26,1,1,233.31,233.94,110,200,2,1,233.3,233.98,100,44,1,3,233.25,234.0,55,155,2,7,233.24,234.13,1,400,1,1,AAPL
2024-10-21T11:55:54.691552408Z,2024-10-21T11:55:54.691386316Z,10,2,38,A,B,2,233.47,200,130,166092,11461460,233.55,233.74,29,200,1,1,233.53,233.75,10,201,1,2,233.47,233.77,400,8,2,1,233.45,233.78,15,150,1,2,233.4,233.8,110,25,2,1,233.39,233.81,10,26,1,1,233.31,233.94,110,200,2,1,233.3,233.98,100,44,1,3,233.25,234.0,55,155,2,7,233.24,234.13,1,400,1,1,AAPL
2024-10-21T11:55:54.691564851Z,2024-10-21T11:55:54.691398035Z,10,2,38,C,A,0,233.74,200,130,166816,11461461,233.55,233.75,29,201,1,2,233.53,233.77,10,8,1,1,233.47,233.78,400,150,2,2,233.45,233.8,15,25,1,1,233.4,233.81,110,26,2,1,233.39,233.94,10,200,1,1,233.31,233.98,110,44,2,3,233.3,234.0,100,155,1,7,233.25,234.13,55,400,2,1,233.24,234.17,1,1,1,1,AAPL
2024-10-21T11:55:54.691573831Z,2024-10-21T11:55:54.691407713Z,10,2,38,A,A,1,233.76,200,130,166118,11461462,233.55,233.75,29,201,1,2,233.53,233.76,10,200,1,1,233.47,233.77,400,8,2,1,233.45,233.78,15,150,1,2,233.4,233.8,110,25,2,1,233.39,233.81,10,26,1,1,233.31,233.94,110,200,2,1,233.3,233.98,100,44,1,3,233.25,234.0,55,155,2,7,233.24,234.13,1,400,1,1,AAPL
2024-10-21T11:55:54.746022499Z,2024-10-21T11:55:54.745856609Z,10,2,38,C,B,2,233.47,200,130,165890,11461600,233.55,233.75,29,201,1,2,233.53,233.76,10,200,1,1,233.47,233.77,200,8,1,1,233.45,233.78,15,150,1,2,233.4,233.8,110,25,2,1,233.39,233.81,10,26,1,1,233.31,233.94,110,200,2,1,233.3,233.98,100,44,1,3,233.25,234.0,55,155,2,7,233.24,234.13,1,400,1,1,AAPL
2024-10-21T11:55:54.746035106Z,2024-10-21T11:55:54.745868744Z,10,2,38,A,B,2,233.48,200,130,166362,11461601,233.55,233.75,29,201,1,2,233.53,233.76,10,200,1,1,233.48,233.77,200,8,1,1,233.45,233.78,15,150,1,2,233.4,233.8,110,25,2,1,233.39,233.81,10,26,1,1,233.31,233.94,110,200,2,1,233.3,233.98,100,44,1,3,233.25,234.0,55,155,2,7,233.24,234.13,1,400,1,1,AAPL
2024-10-21T11:55:54.762658342Z,2024-10-21T11:55:54.762492206Z,10,2,38,C,B,0,233.55,29,130,166136,11461707,233.53,233.75,10,201,1,2,233.48,233.76,200,200,1,1,233.45,233.77,15,8,1,1,233.4,233.78,110,150,2,2,233.39,233.8,10,25,1,1,233.31,233.81,110,26,2,1,233.3,233.94,100,200,1,1,233.25,233.98,55,44,2,3,233.24,234.0,1,155,1,7,233.23,234.13,50,400,1,1,AAPL
2024-10-21T11:55:54.762696483Z,2024-10-21T11:55:54.762530320Z,10,2,38,A,B,0,233.56,28,130,166163,11461708,233.56,233.75,28,201,1,2,233.53,233.76,10,200,1,1,233.48,233.77,200,8,1,1,233.45,233.78,15,150,1,2,233.4,233.8,110,25,2,1,233.39,233.81,10,26,1,1,233.31,233.94,110,200,2,1,233.3,233.98,100,44,1,3,233.25,234.0,55,155,2,7,233.24,234.13,1,400,1,1,AAPL
2024-10-21T11:55:55.306858576Z,2024-10-21T11:55:55.306692496Z,10,2,38,C,B,2,233.48,200,130,166080,11462057,233.56,233.75,28,201,1,2,233.53,233.76,10,200,1,1,233.45,233.77,15,8,1,1,233.4,233.78,110,150,2,2,233.39,233.8,10,25,1,1,233.31,233.81,110,26,2,1,233.3,233.94,100,200,1,1,233.25,233.98,55,44,2,3,233.24,234.0,1,155,1,7,233.23,234.13,50,400,1,1,AAPL
2024-10-21T11:55:55.306871673Z,2024-10-21T11:55:55.306705027Z,10,2,38,A,B,2,233.46,400,130,166646,11462058,233.56,233.75,28,201,1,2,233.53,233.76,10,200,1,1,233.46,233.77,400,8,1,1,233.45,233.78,15,150,1,2,233.4,233.8,110,25,2,1,233.39,233.81,10,26,1,1,233.31,233.94,110,200,2,1,233.3,233.98,100,44,1,3,233.25,234.0,55,155,2,7,233.24,234.13,1,400,1,1,AAPL
2024-10-21T11:55:55.361248847Z,2024-10-21T11:55:55.361082355Z,10,2,38,A,A,0,233.75,200,130,166492,11462096,233.56,233.75,28,401,1,3,233.53,233.77,10,8,1,1,233.46,233.78,400,150,1,2,233.45,233.8,15,25,1,1,233.4,233.81,110,26,2,1,233.39,233.94,10,200,1,1,233.31,233.98,110,44,2,3,233.3,234.0,100,155,1,7,233.25,234.13,55,400,2,1,233.24,234.17,1,1,1,1,AAPL
2024-10-21T11:55:55.706272013Z,2024-10-21T11:55:55.706105479Z,10,2,38,A,B,2,233.47,200,130,166534,11462281,233.56,233.75,28,401,1,3,233.53,233.77,10,8,1,1,233.47,233.78,200,150,1,2,233.45,233.8,15,25,1,1,233.4,233.81,110,26,2,1,233.39,233.94,10,200,1,1,233.31,233.98,110,44,2,3,233.3,234.0,100,155,1,7,233.25,234.13,55,400,2,1,233.24,234.17,1,1,1,1,AAPL
2024-10-21T11:55:58.151746575Z,2024-10-21T11:55:58.151580102Z,10,2,38,A,B,2,233.47,200,130,166473,11463546,233.56,233.75,28,401,1,3,233.53,233.77,10,8,1,1,233.47,233.78,400,150,2,2,233.45,233.8,15,25,1,1,233.4,233.81,110,26,2,1,233.39,233.94,10,200,1,1,233.31,233.98,110,44,2,3,233.3,234.0,100,155,1,7,233.25,234.13,55,400,2,1,233.24,234.17,1,1,1,1,AAPL
2024-10-21T11:56:07.493822226Z,2024-10-21T11:56:07.493655598Z,10,2,38,C,A,7,234.0,2,130,166628,11471731,233.56,233.75,28,401,1,3,233.53,233.77,10,8,1,1,233.47,233.78,400,150,2,2,233.45,233.8,15,25,1,1,233.4,233.81,110,26,2,1,233.39,233.94,10,200,1,1,233.31,233.98,110,44,2,3,233.3,234.0,100,153,1,6,233.25,234.13,55,400,2,1,233.24,234.17,1,1,1,1,AAPL
2024-10-21T11:56:10.953659035Z,2024-10-21T11:56:10.953492365Z,10,2,38,C,A,0,233.75,200,130,166670,11474926,233.56,233.75,28,201,1,2,233.53,233.77,10,8,1,1,233.47,233.78,400,150,2,2,233.45,233.8,15,25,1,1,233.4,233.81,110,26,2,1,233.39,233.94,10,200,1,1,233.31,233.98,110,44,2,3,233.3,234.0,100,153,1,6,233.25,234.13,55,400,2,1,233.24,234.17,1,1,1,1,AAPL
2024-10-21T11:56:10.953670665Z,2024-10-21T11:56:10.953504236Z,10,2,38,A,A,1,233.77,200,130,166429,11474927,233.56,233.75,28,201,1,2,233.53,233.77,10,208,1,2,233.47,233.78,400,150,2,2,233.45,233.8,15,25,1,1,233.4,233.81,110,26,2,1,233.39,233.94,10,200,1,1,233.31,233.98,110,44,2,3,233.3,234.0,100,153,1,6,233.25,234.13,55,400,2,1,233.24,234.17,1,1,1,1,AAPL
2024-10-21T11:56:11.008321762Z,2024-10-21T11:56:11.008155483Z,10,2,38,C,B,2,233.47,200,130,166279,11475150,233.56,233.75,28,201,1,2,233.53,233.77,10,208,1,2,233.47,233.78,200,150,1,2,233.45,233.8,15,25,1,1,233.4,233.81,110,26,2,1,233.39,233.94,10,200,1,1,233.31,233.98,110,44,2,3,233.3,234.0,100,153,1,6,233.25,234.13,55,400,2,1,233.24,234.17,1,1,1,1,AAPL
2024-10-21T11:56:11.008333820Z,2024-10-21T11:56:11.008167451Z,10,2,38,A,B,2,233.48,400,130,166369,11475151,233.56,233.75,28,201,1,2,233.53,233.77,10,208,1,2,233.48,233.78,400,150,1,2,233.45,233.8,15,25,1,1,233.4,233.81,110,26,2,1,233.39,233.94,10,200,1,1,233.31,233.98,110,44,2,3,233.3,234.0,100,153,1,6,233.25,234.13,55,400,2,1,233.24,234.17,1,1,1,1,AAPL
2024-10-21T11:56:11.038918460Z,2024-10-21T11:56:11.038752302Z,10,2,38,C,B,0,233.56,28,130,166158,11475414,233.53,233.75,10,201,1,2,233.48,233.77,400,208,1,2,233.45,233.78,15,150,1,2,233.4,233.8,110,25,2,1,233.39,233.81,10,26,1,1,233.31,233.94,110,200,2,1,233.3,233.98,100,44,1,3,233.25,234.0,55,153,2,6,233.24,234.13,1,400,1,1,233.23,234.17,50,1,1,1,AAPL
2024-10-21T11:56:11.038969093Z,2024-10-21T11:56:11.038803026Z,10,2,38,A,B,0,233.57,26,130,166067,11475415,233.57,233.75,26,201,1,2,233.53,233.77,10,208,1,2,233.48,233.78,400,150,1,2,233.45,233.8,15,25,1,1,233.4,233.81,110,26,2,1,233.39,233.94,10,200,1,1,233.31,233.98,110,44,2,3,233.3,234.0,100,153,1,6,233.25,234.13,55,400,2,1,233.24,234.17,1,1,1,1,AAPL
2024-10-21T11:56:14.983045514Z,2024-10-21T11:56:14.982879375Z,10,2,38,C,A,1,233.77,200,130,166139,11478870,233.57,233.75,26,201,1,2,233.53,233.77,10,8,1,1,233.48,233.78,400,150,1,2,233.45,233.8,15,25,1,1,233.4,233.81,110,26,2,1,233.39,233.94,10,200,1,1,233.31,233.98,110,44,2,3,233.3,234.0,100,153,1,6,233.25,234.13,55,400,2,1,233.24,234.17,1,1,1,1,AAPL
2024-10-21T11:56:14.983058049Z,2024-10-21T11:56:14.982891924Z,10,2,38,A,A,2,233.78,200,130,166125,11478871,233.57,233.75,26,201,1,2,233.53,233.77,10,8,1,1,233.48,233.78,400,350,1,3,233.45,233.8,15,25,1,1,233.4,233.81,110,26,2,1,233.39,233.94,10,200,1,1,233.31,233.98,110,44,2,3,233.3,234.0,100,153,1,6,233.25,234.13,55,400,2,1,233.24,234.17,1,1,1,1,AAPL
2024-10-21T11:56:15.037129152Z,2024-10-21T11:56:15.036962807Z,10,2,38,A,A,1,233.77,200,130,166345,11478943,233.57,233.75,26,201,1,2,233.53,233.77,10,208,1,2,233.48,233.78,400,150,1,2,233.45,233.8,15,25,1,1,233.4,233.81,110,26,2,1,233.39,233.94,10,200,1,1,233.31,233.98,110,44,2,3,233.3,234.0,100,153,1,6,233.25,234.13,55,400,2,1,233.24,234.17,1,1,1,1,AAPL
2024-10-21T11:56:15.039252622Z,2024-10-21T11:56:15.039085832Z,10,2,38,C,A,4,233.81,26,130,166790,11478955,233.57,233.75,26,201,1,2,233.53,233.77,10,208,1,2,233.48,233.78,400,150,1,2,233.45,233.8,15,25,1,1,233.4,233.94,110,200,2,1,233.39,233.98,10,44,1,3,233.31,234.0,110,153,2,6,233.3,234.13,100,400,1,1,233.25,234.17,55,1,2,1,233.24,234.41,1,600,1,2,AAPL
2024-10-21T11:56:15.039369586Z,2024-10-21T11:56:15.039203352Z,10,2,38,A,A,4,233.84,28,130,166234,11478956,233.57,233.75,26,201,1,2,233.53,233.77,10,208,1,2,233.48,233.78,400,150,1,2,233.45,233.8,15,25,1,1,233.4,233.84,110,28,2,1,233.39,233.94,10,200,1,1,233.31,233.98,110,44,2,3,233.3,234.0,100,153,1,6,233.25,234.13,55,400,2,1,233.24,234.17,1,1,1,1,AAPL
2024-10-21T11:56:17.923045221Z,2024-10-21T11:56:17.922879284Z,10,2,38,C,A,4,233.84,28,130,165937,11481519,233.57,233.75,26,201,1,2,233.53,233.77,10,208,1,2,233.48,233.78,400,150,1,2,233.45,233.8,15,25,1,1,233.4,233.94,110,200,2,1,233.39,233.98,10,44,1,3,233.31,234.0,110,153,2,6,233.3,234.13,100,400,1,1,233.25,234.17,55,1,2,1,233.24,234.41,1,600,1,2,AAPL
2024-10-21T11:56:17.923122278Z,2024-10-21T11:56:17.922956219Z,10,2,38,A,A,4,233.83,30,130,166059,11481520,233.57,233.75,26,201,1,2,233.53,233.77,10,208,1,2,233.48,233.78,400,150,1,2,233.45,233.8,15,25,1,1,233.4,233.83,110,30,2,1,233.39,233.94,10,200,1,1,233.31,233.98,110,44,2,3,233.3,234.0,100,153,1,6,233.25,234.13,55,400,2,1,233.24,234.17,1,1,1,1,AAPL
2024-10-21T11:56:23.203528631Z,2024-10-21T11:56:23.203362495Z,10,2,38,C,A,1,233.77,200,130,166136,11484712,233.57,233.75,26,201,1,2,233.53,233.77,10,8,1,1,233.48,233.78,400,150,1,2,233.45,233.8,15,25,1,1,233.4,233.83,110,30,2,1,233.39,233.94,10,200,1,1,233.31,233.98,110,44,2,3,233.3,234.0,100,153,1,6,233.25,234.13,55,400,2,1,233.24,234.17,1,1,1,1,AAPL
2024-10-21T11:56:23.203540531Z,2024-10-21T11:56:23.203374367Z,10,2,38,A,A,2,233.78,200,130,166164,11484713,233.57,233.75,26,201,1,2,233.53,233.77,10,8,1,1,233.48,233.78,400,350,1,3,233.45,233.8,15,25,1,1,233.4,233.83,110,30,2,1,233.39,233.94,10,200,1,1,233.31,233.98,110,44,2,3,233.3,234.0,100,153,1,6,233.25,234.13,55,400,2,1,233.24,234.17,1,1,1,1,AAPL
2024-10-21T11:56:23.231147559Z,2024-10-21T11:56:23.230980890Z,10,2,38,A,B,2,233.49,400,130,166669,11484750,233.57,233.75,26,201,1,2,233.53,233.77,10,8,1,1,233.49,233.78,400,350,1,3,233.45,233.8,15,25,1,1,233.4,233.83,110,30,2,1,233.39,233.94,10,200,1,1,233.31,233.98,110,44,2,3,233.3,234.0,100,153,1,6,233.25,234.13,55,400,2,1,233.24,234.17,1,1,1,1,AAPL
2024-10-21T11:56:23.259172222Z,2024-10-21T11:56:23.259005865Z,10,2,38,A,B,2,233.5,200,130,166357,11484879,233.57,233.75,26,201,1,2,233.53,233.77,10,8,1,1,233.5,233.78,200,350,1,3,233.45,233.8,15,25,1,1,233.4,233.83,110,30,2,1,233.39,233.94,10,200,1,1,233.31,233.98,110,44,2,3,233.3,234.0,100,153,1,6,233.25,234.13,55,400,2,1,233.24,234.17,1,1,1,1,AAPL
2024-10-21T11:56:23.260590051Z,2024-10-21T11:56:23.260424017Z,10,2,38,C,B,0,233.57,26,130,166034,11484896,233.53,233.75,10,201,1,2,233.5,233.77,200,8,1,1,233.45,233.78,15,350,1,3,233.4,233.8,110,25,2,1,233.39,233.83,10,30,1,1,233.31,233.94,110,200,2,1,233.3,233.98,100,44,1,3,233.25,234.0,55,153,2,6,233.24,234.13,1,400,1,1,233.23,234.17,50,1,1,1,AAPL
2024-10-21T11:56:23.260686828Z,2024-10-21T11:56:23.260520532Z,10,2,38,A,B,0,233.58,27,130,166296,11484897,233.58,233.75,27,201,1,2,233.53,233.77,10,8,1,1,233.5,233.78,200,350,1,3,233.45,233.8,15,25,1,1,233.4,233.83,110,30,2,1,233.39,233.94,10,200,1,1,233.31,233.98,110,44,2,3,233.3,234.0,100,153,1,6,233.25,234.13,55,400,2,1,233.24,234.17,1,1,1,1,AAPL
2024-10-21T11:56:24.985463111Z,2024-10-21T11:56:24.985297090Z,10,2,38,C,B,2,233.5,200,130,166021,11486304,233.58,233.75,27,201,1,2,233.53,233.77,10,8,1,1,233.45,233.78,15,350,1,3,233.4,233.8,110,25,2,1,233.39,233.83,10,30,1,1,233.31,233.94,110,200,2,1,233.3,233.98,100,44,1,3,233.25,234.0,55,153,2,6,233.24,234.13,1,400,1,1,233.23,234.17,50,1,1,1,AAPL
2024-10-21T11:56:24.985475867Z,2024-10-21T11:56:24.985309618Z,10,2,38,A,B,2,233.48,400,130,166249,11486305,233.58,233.75,27,201,1,2,233.53,233.77,10,8,1,1,233.48,233.78,400,350,1,3,233.45,233.8,15,25,1,1,233.4,233.83,110,30,2,1,233.39,233.94,10,200,1,1,233.31,233.98,110,44,2,3,233.3,234.0,100,153,1,6,233.25,234.13,55,400,2,1,233.24,234.17,1,1,1,1,AAPL
2024-10-21T11:56:25.053368268Z,2024-10-21T11:56:25.053201827Z,10,2,38,A,A,1,233.77,200,130,166441,11486393,233.58,233.75,27,201,1,2,233.53,233.77,10,208,1,2,233.48,233.78,400,150,1,2,233.45,233.8,15,25,1,1,233.4,233.83,110,30,2,1,233.39,233.94,10,200,1,1,233.31,233.98,110,44,2,3,233.3,234.0,100,153,1,6,233.25,234.13,55,400,2,1,233.24,234.17,1,1,1,1,AAPL
2024-10-21T11:56:29.970777659Z,2024-10-21T11:56:29.970611371Z,10,2,38,A,A,7,234.0,1,130,166288,11488797,233.58,233.75,27,201,1,2,233.53,233.77,10,208,1,2,233.48,233.78,400,150,1,2,233.45,233.8,15,25,1,1,233.4,233.83,110,30,2,1,233.39,233.94,10,200,1,1,233.31,233.98,110,44,2,3,233.3,234.0,100,154,1,7,233.25,234.13,55,400,2,1,233.24,234.17,1,1,1,1,AAPL
2024-10-21T11:56:34.567962213Z,2024-10-21T11:56:34.567796323Z,10,2,38,C,A,1,233.77,200,130,165890,11492628,233.58,233.75,27,201,1,2,233.53,233.77,10,8,1,1,233.48,233.78,400,150,1,2,233.45,233.8,15,25,1,1,233.4,233.83,110,30,2,1,233.39,233.94,10,200,1,1,233.31,233.98,110,44,2,3,233.3,234.0,100,154,1,7,233.25,234.13,55,400,2,1,233.24,234.17,1,1,1,1,AAPL
2024-10-21T11:56:34.567975518Z,2024-10-21T11:56:34.567809267Z,10,2,38,A,A,2,233.78,200,130,166251,11492629,233.58,233.75,27,201,1,2,233.53,233.77,10,8,1,1,233.48,233.78,400,350,1,3,233.45,233.8,15,25,1,1,233.4,233.83,110,30,2,1,233.39,233.94,10,200,1,1,233.31,233.98,110,44,2,3,233.3,234.0,100,154,1,7,233.25,234.13,55,400,2,1,233.24,234.17,1,1,1,1,AAPL
2024-10-21T11:56:34.623579638Z,2024-10-21T11:56:34.623413180Z,10,2,38,A,A,1,233.77,200,130,166458,11492694,233.58,233.75,27,201,1,2,233.53,233.77,10,208,1,2,233.48,233.78,400,150,1,2,233.45,233.8,15,25,1,1,233.4,233.83,110,30,2,1,233.39,233.94,10,200,1,1,233.31,233.98,110,44,2,3,233.3,234.0,100,154,1,7,233.25,234.13,55,400,2,1,233.24,234.17,1,1,1,1,AAPL
2024-10-21T11:56:42.272792276Z,2024-10-21T11:56:42.272625996Z,10,2,38,A,B,2,233.49,200,130,166280,11497144,233.58,233.75,27,201,1,2,233.53,233.77,10,208,1,2,233.49,233.78,200,150,1,2,233.45,233.8,15,25,1,1,233.4,233.83,110,30,2,1,233.39,233.94,10,200,1,1,233.31,233.98,110,44,2,3,233.3,234.0,100,154,1,7,233.25,234.13,55,400,2,1,233.24,234.17,1,1,1,1,AAPL
2024-10-21T11:56:43.878875408Z,2024-10-21T11:56:43.878708550Z,10,2,38,A,A,0,233.72,100,130,166858,11498282,233.58,233.72,27,100,1,1,233.53,233.75,10,201,1,2,233.49,233.77,200,208,1,2,233.45,233.78,15,150,1,2,233.4,233.8,110,25,2,1,233.39,233.83,10,30,1,1,233.31,233.94,110,200,2,1,233.3,233.98,100,44,1,3,233.25,234.0,55,154,2,7,233.24,234.13,1,400,1,1,AAPL
2024-10-21T11:56:43.879158080Z,2024-10-21T11:56:43.878991240Z,10,2,38,C,A,0,233.72,100,130,166840,11498283,233.58,233.75,27,201,1,2,233.53,233.77,10,208,1,2,233.49,233.78,200,150,1,2,233.45,233.8,15,25,1,1,233.4,233.83,110,30,2,1,233.39,233.94,10,200,1,1,233.31,233.98,110,44,2,3,233.3,234.0,100,154,1,7,233.25,234.13,55,400,2,1,233.24,234.17,1,1,1,1,AAPL
2024-10-21T11:56:47.448863756Z,2024-10-21T11:56:47.448697059Z,10,2,38,C,A,1,233.77,200,130,166697,11501263,233.58,233.75,27,201,1,2,233.53,233.77,10,8,1,1,233.49,233.78,200,150,1,2,233.45,233.8,15,25,1,1,233.4,233.83,110,30,2,1,233.39,233.94,10,200,1,1,233.31,233.98,110,44,2,3,233.3,234.0,100,154,1,7,233.25,234.13,55,400,2,1,233.24,234.17,1,1,1,1,AAPL
2024-10-21T11:56:47.557849873Z,2024-10-21T11:56:47.557683879Z,10,2,38,A,A,1,233.77,200,130,165994,11501298,233.58,233.75,27,201,1,2,233.53,233.77,10,208,1,2,233.49,233.78,200,150,1,2,233.45,233.8,15,25,1,1,233.4,233.83,110,30,2,1,233.39,233.94,10,200,1,1,233.31,233.98,110,44,2,3,233.3,234.0,100,154,1,7,233.25,234.13,55,400,2,1,233.24,234.17,1,1,1,1,AAPL
2024-10-21T11:56:51.014820854Z,2024-10-21T11:56:51.014654312Z,10,2,38,A,B,2,233.49,200,130,166542,11503024,233.58,233.75,27,201,1,2,233.53,233.77,10,208,1,2,233.49,233.78,400,150,2,2,233.45,233.8,15,25,1,1,233.4,233.83,110,30,2,1,233.39,233.94,10,200,1,1,233.31,233.98,110,44,2,3,233.3,234.0,100,154,1,7,233.25,234.13,55,400,2,1,233.24,234.17,1,1,1,1,AAPL
2024-10-21T11:56:51.014832334Z,2024-10-21T11:56:51.014666179Z,10,2,38,C,A,1,233.77,200,130,166155,11503025,233.58,233.75,27,201,1,2,233.53,233.77,10,8,1,1,233.49,233.78,400,150,2,2,233.45,233.8,15,25,1,1,233.4,233.83,110,30,2,1,233.39,233.94,10,200,1,1,233.31,233.98,110,44,2,3,233.3,234.0,100,154,1,7,233.25,234.13,55,400,2,1,233.24,234.17,1,1,1,1,AAPL
2024-10-21T11:56:51.014842838Z,2024-10-21T11:56:51.014676787Z,10,2,38,A,A,3,233.79,200,130,166051,11503026,233.58,233.75,27,201,1,2,233.53,233.77,10,8,1,1,233.49,233.78,400,150,2,2,233.45,233.79,15,200,1,1,233.4,233.8,110,25,2,1,233.39,233.83,10,30,1,1,233.31,233.94,110,200,2,1,233.3,233.98,100,44,1,3,233.25,234.0,55,154,2,7,233.24,234.13,1,400,1,1,AAPL
2024-10-21T11:56:55.866202310Z,2024-10-21T11:56:55.866035650Z,10,2,38,A,A,2,233.78,200,130,166660,11506229,233.58,233.75,27,201,1,2,233.53,233.77,10,8,1,1,233.49,233.78,400,350,2,3,233.45,233.8,15,25,1,1,233.4,233.83,110,30,2,1,233.39,233.94,10,200,1,1,233.31,233.98,110,44,2,3,233.3,234.0,100,154,1,7,233.25,234.13,55,400,2,1,233.24,234.17,1,1,1,1,AAPL
2024-10-21T11:57:04.890567315Z,2024-10-21T11:57:04.890399029Z,10,2,38,A,A,0,233.72,100,130,168286,11513463,233.58,233.72,27,100,1,1,233.53,233.75,10,201,1,2,233.49,233.77,400,8,2,1,233.45,233.78,15,350,1,3,233.4,233.8,110,25,2,1,233.39,233.83,10,30,1,1,233.31,233.94,110,200,2,1,233.3,233.98,100,44,1,3,233.25,234.0,55,154,2,7,233.24,234.13,1,400,1,1,AAPL
2024-10-21T11:57:04.890891078Z,2024-10-21T11:57:04.890725062Z,10,2,38,C,A,0,233.72,100,130,166016,11513464,233.58,233.75,27,201,1,2,233.53,233.77,10,8,1,1,233.49,233.78,400,350,2,3,233.45,233.8,15,25,1,1,233.4,233.83,110,30,2,1,233.39,233.94,10,200,1,1,233.31,233.98,110,44,2,3,233.3,234.0,100,154,1,7,233.25,234.13,55,400,2,1,233.24,234.17,1,1,1,1,AAPL
2024-10-21T11:57:06.459110448Z,2024-10-21T11:57:06.458943234Z,10,2,38,A,B,0,233.67,1,130,167214,11514372,233.67,233.75,1,201,1,2,233.58,233.77,27,8,1,1,233.53,233.78,10,350,1,3,233.49,233.8,400,25,2,1,233.45,233.83,15,30,1,1,233.4,233.94,110,200,2,1,233.39,233.98,10,44,1,3,233.31,234.0,110,154,2,7,233.3,234.13,100,400,1,1,233.25,234.17,55,1,2,1,AAPL
2024-10-21T11:57:06.459453253Z,2024-10-21T11:57:06.459285665Z,10,2,38,T,N,0,233.68,1,130,167588,11514373,233.67,233.75,1,201,1,2,233.58,233.77,27,8,1,1,233.53,233.78,10,350,1,3,233.49,233.8,400,25,2,1,233.45,233.83,15,30,1,1,233.4,233.94,110,200,2,1,233.39,233.98,10,44,1,3,233.31,234.0,110,154,2,7,233.3,234.13,100,400,1,1,233.25,234.17,55,1,2,1,AAPL
2024-10-21T11:57:07.554309980Z,2024-10-21T11:57:07.554141976Z,10,2,38,T,N,0,233.68,1,130,168004,11515087,233.67,233.75,1,201,1,2,233.58,233.77,27,8,1,1,233.53,233.78,10,350,1,3,233.49,233.8,400,25,2,1,233.45,233.83,15,30,1,1,233.4,233.94,110,200,2,1,233.39,233.98,10,44,1,3,233.31,234.0,110,154,2,7,233.3,234.13,100,400,1,1,233.25,234.17,55,1,2,1,AAPL
2024-10-21T11:57:08.621300353Z,2024-10-21T11:57:08.621131954Z,10,2,38,T,N,0,233.68,1,130,168399,11515684,233.67,233.75,1,201,1,2,233.58,233.77,27,8,1,1,233.53,233.78,10,350,1,3,233.49,233.8,400,25,2,1,233.45,233.83,15,30,1,1,233.4,233.94,110,200,2,1,233.39,233.98,10,44,1,3,233.31,234.0,110,154,2,7,233.3,234.13,100,400,1,1,233.25,234.17,55,1,2,1,AAPL
2024-10-21T11:57:10.160255594Z,2024-10-21T11:57:10.160087903Z,10,2,38,T,N,0,233.68,1,130,167691,11516600,233.67,233.75,1,201,1,2,233.58,233.77,27,8,1,1,233.53,233.78,10,350,1,3,233.49,233.8,400,25,2,1,233.45,233.83,15,30,1,1,233.4,233.94,110,200,2,1,233.39,233.98,10,44,1,3,233.31,234.0,110,154,2,7,233.3,234.13,100,400,1,1,233.25,234.17,55,1,2,1,AAPL
2024-10-21T11:57:14.111053066Z,2024-10-21T11:57:14.110885099Z,10,2,38,T,N,0,233.68,1,130,167967,11518245,233.67,233.75,1,201,1,2,233.58,233.77,27,8,1,1,233.53,233.78,10,350,1,3,233.49,233.8,400,25,2,1,233.45,233.83,15,30,1,1,233.4,233.94,110,200,2,1,233.39,233.98,10,44,1,3,233.31,234.0,110,154,2,7,233.3,234.13,100,400,1,1,233.25,234.17,55,1,2,1,AAPL
2024-10-21T11:57:14.837835451Z,2024-10-21T11:57:14.837669309Z,10,2,38,C,B,1,233.58,27,130,166142,11518715,233.67,233.75,1,201,1,2,233.53,233.77,10,8,1,1,233.49,233.78,400,350,2,3,233.45,233.8,15,25,1,1,233.4,233.83,110,30,2,1,233.39,233.94,10,200,1,1,233.31,233.98,110,44,2,3,233.3,234.0,100,154,1,7,233.25,234.13,55,400,2,1,233.24,234.17,1,1,1,1,AAPL
2024-10-21T11:57:14.894688317Z,2024-10-21T11:57:14.894521785Z,10,2,38,A,B,1,233.59,29,130,166532,11518781,233.67,233.75,1,201,1,2,233.59,233.77,29,8,1,1,233.53,233.78,10,350,1,3,233.49,233.8,400,25,2,1,233.45,233.83,15,30,1,1,233.4,233.94,110,200,2,1,233.39,233.98,10,44,1,3,233.31,234.0,110,154,2,7,233.3,234.13,100,400,1,1,233.25,234.17,55,1,2,1,AAPL
2024-10-21T11:57:15.098931948Z,2024-10-21T11:57:15.098765695Z,10,2,38,C,A,2,233.78,200,130,166253,11518952,233.67,233.75,1,201,1,2,233.59,233.77,29,8,1,1,233.53,233.78,10,150,1,2,233.49,233.8,400,25,2,1,233.45,233.83,15,30,1,1,233.4,233.94,110,200,2,1,233.39,233.98,10,44,1,3,233.31,234.0,110,154,2,7,233.3,234.13,100,400,1,1,233.25,234.17,55,1,2,1,AAPL
2024-10-21T11:57:15.098943891Z,2024-10-21T11:57:15.098777532Z,10,2,38,A,A,3,233.8,200,130,166359,11518953,233.67,233.75,1,201,1,2,233.59,233.77,29,8,1,1,233.53,233.78,10,150,1,2,233.49,233.8,400,225,2,2,233.45,233.83,15,30,1,1,233.4,233.94,110,200,2,1,233.39,233.98,10,44,1,3,233.31,234.0,110,154,2,7,233.3,234.13,100,400,1,1,233.25,234.17,55,1,2,1,AAPL
2024-10-21T11:57:15.158304832Z,2024-10-21T11:57:15.158138746Z,10,2,38,C,B,3,233.49,200,130,166086,11519035,233.67,233.75,1,201,1,2,233.59,233.77,29,8,1,1,233.53,233.78,10,150,1,2,233.49,233.8,200,225,1,2,233.45,233.83,15,30,1,1,233.4,233.94,110,200,2,1,233.39,233.98,10,44,1,3,233.31,234.0,110,154,2,7,233.3,234.13,100,400,1,1,233.25,234.17,55,1,2,1,AAPL
2024-10-21T11:57:15.158317508Z,2024-10-21T11:57:15.158151037Z,10,2,38,A,B,3,233.5,400,130,166471,11519036,233.67,233.75,1,201,1,2,233.59,233.77,29,8,1,1,233.53,233.78,10,150,1,2,233.5,233.8,400,225,1,2,233.45,233.83,15,30,1,1,233.4,233.94,110,200,2,1,233.39,233.98,10,44,1,3,233.31,234.0,110,154,2,7,233.3,234.13,100,400,1,1,233.25,234.17,55,1,2,1,AAPL
2024-10-21T11:57:15.238726868Z,2024-10-21T11:57:15.238560230Z,10,2,38,A,A,3,233.79,200,130,166638,11519174,233.67,233.75,1,201,1,2,233.59,233.77,29,8,1,1,233.53,233.78,10,150,1,2,233.5,233.79,400,200,1,1,233.45,233.8,15,25,1,1,233.4,233.83,110,30,2,1,233.39,233.94,10,200,1,1,233.31,233.98,110,44,2,3,233.3,234.0,100,154,1,7,233.25,234.13,55,400,2,1,AAPL
2024-10-21T11:57:15.426846547Z,2024-10-21T11:57:15.426680348Z,10,2,38,A,A,2,233.78,200,130,166199,11519431,233.67,233.75,1,201,1,2,233.59,233.77,29,8,1,1,233.53,233.78,10,350,1,3,233.5,233.8,400,25,1,1,233.45,233.83,15,30,1,1,233.4,233.94,110,200,2,1,233.39,233.98,10,44,1,3,233.31,234.0,110,154,2,7,233.3,234.13,100,400,1,1,233.25,234.17,55,1,2,1,AAPL
2024-10-21T11:57:15.993417928Z,2024-10-21T11:57:15.993250474Z,10,2,38,T,N,0,233.68,1,130,167454,11519726,233.67,233.75,1,201,1,2,233.59,233.77,29,8,1,1,233.53,233.78,10,350,1,3,233.5,233.8,400,25,1,1,233.45,233.83,15,30,1,1,233.4,233.94,110,200,2,1,233.39,233.98,10,44,1,3,233.31,234.0,110,154,2,7,233.3,234.13,100,400,1,1,233.25,234.17,55,1,2,1,AAPL
2024-10-21T11:57:17.249309759Z,2024-10-21T11:57:17.249143876Z,10,2,38,C,A,2,233.78,200,130,165883,11520279,233.67,233.75,1,201,1,2,233.59,233.77,29,8,1,1,233.53,233.78,10,150,1,2,233.5,233.8,400,25,1,1,233.45,233.83,15,30,1,1,233.4,233.94,110,200,2,1,233.39,233.98,10,44,1,3,233.31,234.0,110,154,2,7,233.3,234.13,100,400,1,1,233.25,234.17,55,1,2,1,AAPL
2024-10-21T11:57:17.249321783Z,2024-10-21T11:57:17.249155657Z,10,2,38,A,A,3,233.8,200,130,166126,11520280,233.67,233.75,1,201,1,2,233.59,233.77,29,8,1,1,233.53,233.78,10,150,1,2,233.5,233.8,400,225,1,2,233.45,233.83,15,30,1,1,233.4,233.94,110,200,2,1,233.39,233.98,10,44,1,3,233.31,234.0,110,154,2,7,233.3,234.13,100,400,1,1,233.25,234.17,55,1,2,1,AAPL
2024-10-21T11:57:17.305025226Z,2024-10-21T11:57:17.304858834Z,10,2,38,A,A,2,233.78,200,130,166392,11520350,233.67,233.75,1,201,1,2,233.59,233.77,29,8,1,1,233.53,233.78,10,350,1,3,233.5,233.8,400,25,1,1,233.45,233.83,15,30,1,1,233.4,233.94,110,200,2,1,233.39,233.98,10,44,1,3,233.31,234.0,110,154,2,7,233.3,234.13,100,400,1,1,233.25,234.17,55,1,2,1,AAPL
2024-10-21T11:57:17.495322650Z,2024-10-21T11:57:17.495155713Z,10,2,38,T,N,0,233.68,1,130,166937,11520659,233.67,233.75,1,201,1,2,233.59,233.77,29,8,1,1,233.53,233.78,10,350,1,3,233.5,233.8,400,25,1,1,233.45,233.83,15,30,1,1,233.4,233.94,110,200,2,1,233.39,233.98,10,44,1,3,233.31,234.0,110,154,2,7,233.3,234.13,100,400,1,1,233.25,234.17,55,1,2,1,AAPL
2024-10-21T11:57:20.112278421Z,2024-10-21T11:57:20.112111433Z,10,2,38,A,A,0,233.72,20,130,166988,11522305,233.67,233.72,1,20,1,1,233.59,233.75,29,201,1,2,233.53,233.77,10,8,1,1,233.5,233.78,400,350,1,3,233.45,233.8,15,25,1,1,233.4,233.83,110,30,2,1,233.39,233.94,10,200,1,1,233.31,233.98,110,44,2,3,233.3,234.0,100,154,1,7,233.25,234.13,55,400,2,1,AAPL
2024-10-21T11:57:22.737375024Z,2024-10-21T11:57:22.737207625Z,10,2,38,T,N,0,233.68,1,130,167399,11523551,233.67,233.72,1,20,1,1,233.59,233.75,29,201,1,2,233.53,233.77,10,8,1,1,233.5,233.78,400,350,1,3,233.45,233.8,15,25,1,1,233.4,233.83,110,30,2,1,233.39,233.94,10,200,1,1,233.31,233.98,110,44,2,3,233.3,234.0,100,154,1,7,233.25,234.13,55,400,2,1,AAPL
2024-10-21T11:57:23.434601515Z,2024-10-21T11:57:23.434433631Z,10,2,38,T,N,0,233.68,3,130,167884,11524035,233.67,233.72,1,20,1,1,233.59,233.75,29,201,1,2,233.53,233.77,10,8,1,1,233.5,233.78,400,350,1,3,233.45,233.8,15,25,1,1,233.4,233.83,110,30,2,1,233.39,233.94,10,200,1,1,233.31,233.98,110,44,2,3,233.3,234.0,100,154,1,7,233.25,234.13,55,400,2,1,AAPL
2024-10-21T11:57:23.522346730Z,2024-10-21T11:57:23.522180556Z,10,2,38,C,B,1,233.59,29,130,166174,11524292,233.67,233.72,1,20,1,1,233.53,233.75,10,201,1,2,233.5,233.77,400,8,1,1,233.45,233.78,15,350,1,3,233.4,233.8,110,25,2,1,233.39,233.83,10,30,1,1,233.31,233.94,110,200,2,1,233.3,233.98,100,44,1,3,233.25,234.0,55,154,2,7,233.24,234.13,1,400,1,1,AAPL
2024-10-21T11:57:23.522487271Z,2024-10-21T11:57:23.522320812Z,10,2,38,A,B,3,233.47,27,130,166459,11524293,233.67,233.72,1,20,1,1,233.53,233.75,10,201,1,2,233.5,233.77,400,8,1,1,233.47,233.78,27,350,1,3,233.45,233.8,15,25,1,1,233.4,233.83,110,30,2,1,233.39,233.94,10,200,1,1,233.31,233.98,110,44,2,3,233.3,234.0,100,154,1,7,233.25,234.13,55,400,2,1,AAPL
2024-10-21T11:57:23.576153028Z,2024-10-21T11:57:23.575986228Z,10,2,38,A,A,2,233.77,200,130,166800,11524341,233.67,233.72,1,20,1,1,233.53,233.75,10,201,1,2,233.5,233.77,400,208,1,2,233.47,233.78,27,150,1,2,233.45,233.8,15,25,1,1,233.4,233.83,110,30,2,1,233.39,233.94,10,200,1,1,233.31,233.98,110,44,2,3,233.3,234.0,100,154,1,7,233.25,234.13,55,400,2,1,AAPL
2024-10-21T11:57:23.893319325Z,2024-10-21T11:57:23.893151634Z,10,2,38,T,A,0,233.67,1,130,167691,11524531,233.67,233.72,1,20,1,1,233.53,233.75,10,201,1,2,233.5,233.77,400,208,1,2,233.47,233.78,27,150,1,2,233.45,233.8,15,25,1,1,233.4,233.83,110,30,2,1,233.39,233.94,10,200,1,1,233.31,233.98,110,44,2,3,233.3,234.0,100,154,1,7,233.25,234.13,55,400,2,1,AAPL
2024-10-21T11:57:23.893319325Z,2024-10-21T11:57:23.893151634Z,10,2,38,C,B,0,233.67,1,130,167691,11524531,233.53,233.72,10,20,1,1,233.5,233.75,400,201,1,2,233.47,233.77,27,208,1,2,233.45,233.78,15,150,1,2,233.4,233.8,110,25,2,1,233.39,233.83,10,30,1,1,233.31,233.94,110,200,2,1,233.3,233.98,100,44,1,3,233.25,234.0,55,154,2,7,233.24,234.13,1,400,1,1,AAPL
2024-10-21T11:57:23.893366480Z,2024-10-21T11:57:23.893200066Z,10,2,38,A,A,0,233.71,23,130,166414,11524532,233.53,233.71,10,23,1,1,233.5,233.72,400,20,1,1,233.47,233.75,27,201,1,2,233.45,233.77,15,208,1,2,233.4,233.78,110,150,2,2,233.39,233.8,10,25,1,1,233.31,233.83,110,30,2,1,233.3,233.94,100,200,1,1,233.25,233.98,55,44,2,3,233.24,234.0,1,154,1,7,AAPL
2024-10-21T11:57:23.964455827Z,2024-10-21T11:57:23.964289822Z,10,2,38,C,B,1,233.5,400,130,166005,11524643,233.53,233.71,10,23,1,1,233.47,233.72,27,20,1,1,233.45,233.75,15,201,1,2,233.4,233.77,110,208,2,2,233.39,233.78,10,150,1,2,233.31,233.8,110,25,2,1,233.3,233.83,100,30,1,1,233.25,233.94,55,200,2,1,233.24,233.98,1,44,1,3,233.23,234.0,50,154,1,7,AAPL
2024-10-21T11:57:23.964468660Z,2024-10-21T11:57:23.964302478Z,10,2,38,A,B,1,233.49,200,130,166182,11524644,233.53,233.71,10,23,1,1,233.49,233.72,200,20,1,1,233.47,233.75,27,201,1,2,233.45,233.77,15,208,1,2,233.4,233.78,110,150,2,2,233.39,233.8,10,25,1,1,233.31,233.83,110,30,2,1,233.3,233.94,100,200,1,1,233.25,233.98,55,44,2,3,233.24,234.0,1,154,1,7,AAPL
2024-10-21T11:57:23.993929216Z,2024-10-21T11:57:23.993763323Z,10,2,38,C,A,0,233.71,23,130,165893,11524653,233.53,233.72,10,20,1,1,233.49,233.75,200,201,1,2,233.47,233.77,27,208,1,2,233.45,233.78,15,150,1,2,233.4,233.8,110,25,2,1,233.39,233.83,10,30,1,1,233.31,233.94,110,200,2,1,233.3,233.98,100,44,1,3,233.25,234.0,55,154,2,7,233.24,234.13,1,400,1,1,AAPL
2024-10-21T11:57:25.745730581Z,2024-10-21T11:57:25.745564633Z,10,2,38,C,B,1,233.49,200,130,165948,11525365,233.53,233.72,10,20,1,1,233.47,233.75,27,201,1,2,233.45,233.77,15,208,1,2,233.4,233.78,110,150,2,2,233.39,233.8,10,25,1,1,233.31,233.83,110,30,2,1,233.3,233.94,100,200,1,1,233.25,233.98,55,44,2,3,233.24,234.0,1,154,1,7,233.23,234.13,50,400,1,1,AAPL
2024-10-21T11:57:25.813958448Z,2024-10-21T11:57:25.813792371Z,10,2,38,C,A,2,233.77,200,130,166077,11525510,233.53,233.72,10,20,1,1,233.47,233.75,27,201,1,2,233.45,233.77,15,8,1,1,233.4,233.78,110,150,2,2,233.39,233.8,10,25,1,1,233.31,233.83,110,30,2,1,233.3,233.94,100,200,1,1,233.25,233.98,55,44,2,3,233.24,234.0,1,154,1,7,233.23,234.13,50,400,1,1,AAPL
2024-10-21T11:57:25.853139618Z,2024-10-21T11:57:25.852973172Z,10,2,38,A,A,3,233.78,200,130,166446,11525536,233.53,233.72,10,20,1,1,233.47,233.75,27,201,1,2,233.45,233.77,15,8,1,1,233.4,233.78,110,350,2,3,233.39,233.8,10,25,1,1,233.31,233.83,110,30,2,1,233.3,233.94,100,200,1,1,233.25,233.98,55,44,2,3,233.24,234.0,1,154,1,7,233.23,234.13,50,400,1,1,AAPL
2024-10-21T11:57:25.863140339Z,2024-10-21T11:57:25.862973670Z,10,2,38,A,B,1,233.49,400,130,166669,11525541,233.53,233.72,10,20,1,1,233.49,233.75,400,201,1,2,233.47,233.77,27,8,1,1,233.45,233.78,15,350,1,3,233.4,233.8,110,25,2,1,233.39,233.83,10,30,1,1,233.31,233.94,110,200,2,1,233.3,233.98,100,44,1,3,233.25,234.0,55,154,2,7,233.24,234.13,1,400,1,1,AAPL
2024-10-21T11:57:25.868840178Z,2024-10-21T11:57:25.868673528Z,10,2,38,A,B,0,233.54,200,130,166650,11525550,233.54,233.72,200,20,1,1,233.53,233.75,10,201,1,2,233.47,233.77,27,8,1,1,233.45,233.78,15,350,1,3,233.4,233.8,110,25,2,1,233.39,233.83,10,30,1,1,233.31,233.94,110,200,2,1,233.3,233.98,100,44,1,3,233.25,234.0,55,154,2,7,233.24,234.13,1,400,1,1,AAPL
2024-10-21T11:57:26.000516279Z,2024-10-21T11:57:26.000349886Z,10,2,38,A,B,0,233.54,200,130,166393,11525708,233.54,233.72,400,20,2,1,233.53,233.75,10,201,1,2,233.47,233.77,27,8,1,1,233.45,233.78,15,350,1,3,233.4,233.8,110,25,2,1,233.39,233.83,10,30,1,1,233.31,233.94,110,200,2,1,233.3,233.98,100,44,1,3,233.25,234.0,55,154,2,7,233.24,234.13,1,400,1,1,AAPL
2024-10-21T11:57:28.039458831Z,2024-10-21T11:57:28.039292565Z,10,2,38,C,B,0,233.54,200,130,166266,11526531,233.54,233.72,200,20,1,1,233.53,233.75,10,201,1,2,233.47,233.77,27,8,1,1,233.45,233.78,15,350,1,3,233.4,233.8,110,25,2,1,233.39,233.83,10,30,1,1,233.31,233.94,110,200,2,1,233.3,233.98,100,44,1,3,233.25,234.0,55,154,2,7,233.24,234.13,1,400,1,1,AAPL
2024-10-21T11:57:28.039469716Z,2024-10-21T11:57:28.039302990Z,10,2,38,C,B,0,233.54,200,130,166726,11526532,233.53,233.72,10,20,1,1,233.47,233.75,27,201,1,2,233.45,233.77,15,8,1,1,233.4,233.78,110,350,2,3,233.39,233.8,10,25,1,1,233.31,233.83,110,30,2,1,233.3,233.94,100,200,1,1,233.25,233.98,55,44,2,3,233.24,234.0,1,154,1,7,233.23,234.13,50,400,1,1,AAPL
2024-10-21T11:57:28.039515596Z,2024-10-21T11:57:28.039347712Z,10,2,38,T,N,0,233.68,50,130,167884,11526533,233.53,233.72,10,20,1,1,233.47,233.75,27,201,1,2,233.45,233.77,15,8,1,1,233.4,233.78,110,350,2,3,233.39,233.8,10,25,1,1,233.31,233.83,110,30,2,1,233.3,233.94,100,200,1,1,233.25,233.98,55,44,2,3,233.24,234.0,1,154,1,7,233.23,234.13,50,400,1,1,AAPL
2024-10-21T11:57:28.153873361Z,2024-10-21T11:57:28.153707091Z,10,2,38,A,B,1,233.48,400,130,166270,11526618,233.53,233.72,10,20,1,1,233.48,233.75,400,201,1,2,233.47,233.77,27,8,1,1,233.45,233.78,15,350,1,3,233.4,233.8,110,25,2,1,233.39,233.83,10,30,1,1,233.31,233.94,110,200,2,1,233.3,233.98,100,44,1,3,233.25,234.0,55,154,2,7,233.24,234.13,1,400,1,1,AAPL
2024-10-21T11:57:28.163878325Z,2024-10-21T11:57:28.163711748Z,10,2,38,A,B,0,233.54,200,130,166577,11526622,233.54,233.72,200,20,1,1,233.53,233.75,10,201,1,2,233.47,233.77,27,8,1,1,233.45,233.78,15,350,1,3,233.4,233.8,110,25,2,1,233.39,233.83,10,30,1,1,233.31,233.94,110,200,2,1,233.3,233.98,100,44,1,3,233.25,234.0,55,154,2,7,233.24,234.13,1,400,1,1,AAPL
2024-10-21T11:57:28.163892251Z,2024-10-21T11:57:28.163725884Z,10,2,38,A,A,2,233.77,200,130,166367,11526623,233.54,233.72,200,20,1,1,233.53,233.75,10,201,1,2,233.47,233.77,27,208,1,2,233.45,233.78,15,150,1,2,233.4,233.8,110,25,2,1,233.39,233.83,10,30,1,1,233.31,233.94,110,200,2,1,233.3,233.98,100,44,1,3,233.25,234.0,55,154,2,7,233.24,234.13,1,400,1,1,AAPL
2024-10-21T11:57:29.332119420Z,2024-10-21T11:57:29.331953680Z,10,2,38,C,A,2,233.77,200,130,165740,11527067,233.54,233.72,200,20,1,1,233.53,233.75,10,201,1,2,233.47,233.77,27,8,1,1,233.45,233.78,15,150,1,2,233.4,233.8,110,25,2,1,233.39,233.83,10,30,1,1,233.31,233.94,110,200,2,1,233.3,233.98,100,44,1,3,233.25,234.0,55,154,2,7,233.24,234.13,1,400,1,1,AAPL
2024-10-21T11:57:29.332132648Z,2024-10-21T11:57:29.331966683Z,10,2,38,A,A,3,233.78,200,130,165965,11527068,233.54,233.72,200,20,1,1,233.53,233.75,10,201,1,2,233.47,233.77,27,8,1,1,233.45,233.78,15,350,1,3,233.4,233.8,110,25,2,1,233.39,233.83,10,30,1,1,233.31,233.94,110,200,2,1,233.3,233.98,100,44,1,3,233.25,234.0,55,154,2,7,233.24,234.13,1,400,1,1,AAPL
2024-10-21T11:57:30.995359196Z,2024-10-21T11:57:30.995192991Z,10,2,38,A,B,0,233.54,200,130,166205,11528694,233.54,233.72,400,20,2,1,233.53,233.75,10,201,1,2,233.47,233.77,27,8,1,1,233.45,233.78,15,350,1,3,233.4,233.8,110,25,2,1,233.39,233.83,10,30,1,1,233.31,233.94,110,200,2,1,233.3,233.98,100,44,1,3,233.25,234.0,55,154,2,7,233.24,234.13,1,400,1,1,AAPL
2024-10-21T11:57:31.496401280Z,2024-10-21T11:57:31.496234971Z,10,2,38,A,A,1,233.74,500,130,166309,11528948,233.54,233.72,400,20,2,1,233.53,233.74,10,500,1,1,233.47,233.75,27,201,1,2,233.45,233.77,15,8,1,1,233.4,233.78,110,350,2,3,233.39,233.8,10,25,1,1,233.31,233.83,110,30,2,1,233.3,233.94,100,200,1,1,233.25,233.98,55,44,2,3,233.24,234.0,1,154,1,7,AAPL
2024-10-21T11:57:36.264708785Z,2024-10-21T11:57:36.264542456Z,10,2,38,C,A,0,233.72,20,130,166329,11532750,233.54,233.74,400,500,2,1,233.53,233.75,10,201,1,2,233.47,233.77,27,8,1,1,233.45,233.78,15,350,1,3,233.4,233.8,110,25,2,1,233.39,233.83,10,30,1,1,233.31,233.94,110,200,2,1,233.3,233.98,100,44,1,3,233.25,234.0,55,154,2,7,233.24,234.13,1,400,1,1,AAPL
2024-10-21T11:57:36.268101167Z,2024-10-21T11:57:36.267934826Z,10,2,38,C,B,0,233.54,200,130,166341,11532755,233.54,233.74,200,500,1,1,233.53,233.75,10,201,1,2,233.47,233.77,27,8,1,1,233.45,233.78,15,350,1,3,233.4,233.8,110,25,2,1,233.39,233.83,10,30,1,1,233.31,233.94,110,200,2,1,233.3,233.98,100,44,1,3,233.25,234.0,55,154,2,7,233.24,234.13,1,400,1,1,AAPL
2024-10-21T11:57:37.888147782Z,2024-10-21T11:57:37.887981490Z,10,2,38,A,B,0,233.65,1,130,166292,11533577,233.65,233.74,1,500,1,1,233.54,233.75,200,201,1,2,233.53,233.77,10,8,1,1,233.47,233.78,27,350,1,3,233.45,233.8,15,25,1,1,233.4,233.83,110,30,2,1,233.39,233.94,10,200,1,1,233.31,233.98,110,44,2,3,233.3,234.0,100,154,1,7,233.25,234.13,55,400,2,1,AAPL
2024-10-21T11:57:38.017129745Z,2024-10-21T11:57:38.016963535Z,10,2,38,A,B,1,233.54,200,130,166210,11533703,233.65,233.74,1,500,1,1,233.54,233.75,400,201,2,2,233.53,233.77,10,8,1,1,233.47,233.78,27,350,1,3,233.45,233.8,15,25,1,1,233.4,233.83,110,30,2,1,233.39,233.94,10,200,1,1,233.31,233.98,110,44,2,3,233.3,234.0,100,154,1,7,233.25,234.13,55,400,2,1,AAPL
2024-10-21T11:57:40.885606594Z,2024-10-21T11:57:40.885440558Z,10,2,38,C,B,3,233.47,27,130,166036,11535145,233.65,233.74,1,500,1,1,233.54,233.75,400,201,2,2,233.53,233.77,10,8,1,1,233.45,233.78,15,350,1,3,233.4,233.8,110,25,2,1,233.39,233.83,10,30,1,1,233.31,233.94,110,200,2,1,233.3,233.98,100,44,1,3,233.25,234.0,55,154,2,7,233.24,234.13,1,400,1,1,AAPL
2024-10-21T11:57:40.885648201Z,2024-10-21T11:57:40.885481569Z,10,2,38,A,B,3,233.48,26,130,166632,11535146,233.65,233.74,1,500,1,1,233.54,233.75,400,201,2,2,233.53,233.77,10,8,1,1,233.48,233.78,26,350,1,3,233.45,233.8,15,25,1,1,233.4,233.83,110,30,2,1,233.39,233.94,10,200,1,1,233.31,233.98,110,44,2,3,233.3,234.0,100,154,1,7,233.25,234.13,55,400,2,1,AAPL
2024-10-21T11:57:41.319317780Z,2024-10-21T11:57:41.319151873Z,10,2,38,C,A,3,233.78,200,130,165907,11535430,233.65,233.74,1,500,1,1,233.54,233.75,400,201,2,2,233.53,233.77,10,8,1,1,233.48,233.78,26,150,1,2,233.45,233.8,15,25,1,1,233.4,233.83,110,30,2,1,233.39,233.94,10,200,1,1,233.31,233.98,110,44,2,3,233.3,234.0,100,154,1,7,233.25,234.13,55,400,2,1,AAPL
2024-10-21T11:57:41.319329838Z,2024-10-21T11:57:41.319163898Z,10,2,38,A,A,4,233.79,200,130,165940,11535431,233.65,233.74,1,500,1,1,233.54,233.75,400,201,2,2,233.53,233.77,10,8,1,1,233.48,233.78,26,150,1,2,233.45,233.79,15,200,1,1,233.4,233.8,110,25,2,1,233.39,233.83,10,30,1,1,233.31,233.94,110,200,2,1,233.3,233.98,100,44,1,3,233.25,234.0,55,154,2,7,AAPL
2024-10-21T11:57:41.375862954Z,2024-10-21T11:57:41.375697228Z,10,2,38,C,B,1,233.54,200,130,165726,11535542,233.65,233.74,1,500,1,1,233.54,233.75,200,201,1,2,233.53,233.77,10,8,1,1,233.48,233.78,26,150,1,2,233.45,233.79,15,200,1,1,233.4,233.8,110,25,2,1,233.39,233.83,10,30,1,1,233.31,233.94,110,200,2,1,233.3,233.98,100,44,1,3,233.25,234.0,55,154,2,7,AAPL
2024-10-21T11:57:41.375875655Z,2024-10-21T11:57:41.375709324Z,10,2,38,A,B,1,233.55,400,130,166331,11535543,233.65,233.74,1,500,1,1,233.55,233.75,400,201,1,2,233.53,233.77,10,8,1,1,233.48,233.78,26,150,1,2,233.45,233.79,15,200,1,1,233.4,233.8,110,25,2,1,233.39,233.83,10,30,1,1,233.31,233.94,110,200,2,1,233.3,233.98,100,44,1,3,233.25,234.0,55,154,2,7,AAPL
2024-10-21T11:57:41.965826689Z,2024-10-21T11:57:41.965660865Z,10,2,38,C,B,1,233.55,400,130,165824,11536042,233.65,233.74,1,500,1,1,233.53,233.75,10,201,1,2,233.48,233.77,26,8,1,1,233.45,233.78,15,150,1,2,233.4,233.79,110,200,2,1,233.39,233.8,10,25,1,1,233.31,233.83,110,30,2,1,233.3,233.94,100,200,1,1,233.25,233.98,55,44,2,3,233.24,234.0,1,154,1,7,AAPL
2024-10-21T11:57:42.074339748Z,2024-10-21T11:57:42.074173420Z,10,2,38,A,B,2,233.49,200,130,166328,11536099,233.65,233.74,1,500,1,1,233.53,233.75,10,201,1,2,233.49,233.77,200,8,1,1,233.48,233.78,26,150,1,2,233.45,233.79,15,200,1,1,233.4,233.8,110,25,2,1,233.39,233.83,10,30,1,1,233.31,233.94,110,200,2,1,233.3,233.98,100,44,1,3,233.25,234.0,55,154,2,7,AAPL
2024-10-21T11:57:42.169388484Z,2024-10-21T11:57:42.169221771Z,10,2,38,A,B,2,233.5,200,130,166713,11536143,233.65,233.74,1,500,1,1,233.53,233.75,10,201,1,2,233.5,233.77,200,8,1,1,233.48,233.78,26,150,1,2,233.45,233.79,15,200,1,1,233.4,233.8,110,25,2,1,233.39,233.83,10,30,1,1,233.31,233.94,110,200,2,1,233.3,233.98,100,44,1,3,233.25,234.0,55,154,2,7,AAPL
2024-10-21T11:57:42.208045550Z,2024-10-21T11:57:42.207878969Z,10,2,38,C,B,2,233.5,200,130,166581,11536169,233.65,233.74,1,500,1,1,233.53,233.75,10,201,1,2,233.48,233.77,26,8,1,1,233.45,233.78,15,150,1,2,233.4,233.79,110,200,2,1,233.39,233.8,10,25,1,1,233.31,233.83,110,30,2,1,233.3,233.94,100,200,1,1,233.25,233.98,55,44,2,3,233.24,234.0,1,154,1,7,AAPL
2024-10-21T11:57:42.313426957Z,2024-10-21T11:57:42.313260974Z,10,2,38,A,B,2,233.49,200,130,165983,11536217,233.65,233.74,1,500,1,1,233.53,233.75,10,201,1,2,233.49,233.77,200,8,1,1,233.48,233.78,26,150,1,2,233.45,233.79,15,200,1,1,233.4,233.8,110,25,2,1,233.39,233.83,10,30,1,1,233.31,233.94,110,200,2,1,233.3,233.98,100,44,1,3,233.25,234.0,55,154,2,7,AAPL
2024-10-21T11:57:42.380325383Z,2024-10-21T11:57:42.380159117Z,10,2,38,A,B,2,233.49,200,130,166266,11536247,233.65,233.74,1,500,1,1,233.53,233.75,10,201,1,2,233.49,233.77,400,8,2,1,233.48,233.78,26,150,1,2,233.45,233.79,15,200,1,1,233.4,233.8,110,25,2,1,233.39,233.83,10,30,1,1,233.31,233.94,110,200,2,1,233.3,233.98,100,44,1,3,233.25,234.0,55,154,2,7,AAPL
2024-10-21T11:57:42.412490406Z,2024-10-21T11:57:42.412324426Z,10,2,38,C,B,2,233.49,200,130,165980,11536276,233.65,233.74,1,500,1,1,233.53,233.75,10,201,1,2,233.49,233.77,200,8,1,1,233.48,233.78,26,150,1,2,233.45,233.79,15,200,1,1,233.4,233.8,110,25,2,1,233.39,233.83,10,30,1,1,233.31,233.94,110,200,2,1,233.3,233.98,100,44,1,3,233.25,234.0,55,154,2,7,AAPL
2024-10-21T11:57:42.412502842Z,2024-10-21T11:57:42.412336614Z,10,2,38,A,B,2,233.5,200,130,166228,11536277,233.65,233.74,1,500,1,1,233.53,233.75,10,201,1,2,233.5,233.77,200,8,1,1,233.48,233.78,26,150,1,2,233.45,233.79,15,200,1,1,233.4,233.8,110,25,2,1,233.39,233.83,10,30,1,1,233.31,233.94,110,200,2,1,233.3,233.98,100,44,1,3,233.25,234.0,55,154,2,7,AAPL
2024-10-21T11:57:48.073129275Z,2024-10-21T11:57:48.072962640Z,10,2,38,A,B,2,233.5,200,130,166635,11540432,233.65,233.74,1,500,1,1,233.53,233.75,10,201,1,2,233.5,233.77,400,8,2,1,233.48,233.78,26,150,1,2,233.45,233.79,15,200,1,1,233.4,233.8,110,25,2,1,233.39,233.83,10,30,1,1,233.31,233.94,110,200,2,1,233.3,233.98,100,44,1,3,233.25,234.0,55,154,2,7,AAPL
2024-10-21T11:57:48.073140030Z,2024-10-21T11:57:48.072974095Z,10,2,38,C,A,4,233.79,200,130,165935,11540433,233.65,233.74,1,500,1,1,233.53,233.75,10,201,1,2,233.5,233.77,400,8,2,1,233.48,233.78,26,150,1,2,233.45,233.8,15,25,1,1,233.4,233.83,110,30,2,1,233.39,233.94,10,200,1,1,233.31,233.98,110,44,2,3,233.3,234.0,100,154,1,7,233.25,234.13,55,400,2,1,AAPL
2024-10-21T11:57:48.073150753Z,2024-10-21T11:57:48.072984615Z,10,2,38,A,A,4,233.8,200,130,166138,11540434,233.65,233.74,1,500,1,1,233.53,233.75,10,201,1,2,233.5,233.77,400,8,2,1,233.48,233.78,26,150,1,2,233.45,233.8,15,225,1,2,233.4,233.83,110,30,2,1,233.39,233.94,10,200,1,1,233.31,233.98,110,44,2,3,233.3,234.0,100,154,1,7,233.25,234.13,55,400,2,1,AAPL
2024-10-21T11:57:48.076825301Z,2024-10-21T11:57:48.076659157Z,10,2,38,C,A,5,233.83,30,130,166144,11540485,233.65,233.74,1,500,1,1,233.53,233.75,10,201,1,2,233.5,233.77,400,8,2,1,233.48,233.78,26,150,1,2,233.45,233.8,15,225,1,2,233.4,233.94,110,200,2,1,233.39,233.98,10,44,1,3,233.31,234.0,110,154,2,7,233.3,234.13,100,400,1,1,233.25,234.17,55,1,2,1,AAPL
2024-10-21T11:57:48.076908946Z,2024-10-21T11:57:48.076742621Z,10,2,38,A,A,5,233.86,28,130,166325,11540488,233.65,233.74,1,500,1,1,233.53,233.75,10,201,1,2,233.5,233.77,400,8,2,1,233.48,233.78,26,150,1,2,233.45,233.8,15,225,1,2,233.4,233.86,110,28,2,1,233.39,233.94,10,200,1,1,233.31,233.98,110,44,2,3,233.3,234.0,100,154,1,7,233.25,234.13,55,400,2,1,AAPL
2024-10-21T11:57:48.136642704Z,2024-10-21T11:57:48.136477014Z,10,2,38,C,B,2,233.5,200,130,165690,11540727,233.65,233.74,1,500,1,1,233.53,233.75,10,201,1,2,233.5,233.77,200,8,1,1,233.48,233.78,26,150,1,2,233.45,233.8,15,225,1,2,233.4,233.86,110,28,2,1,233.39,233.94,10,200,1,1,233.31,233.98,110,44,2,3,233.3,234.0,100,154,1,7,233.25,234.13,55,400,2,1,AAPL
2024-10-21T11:57:48.136655500Z,2024-10-21T11:57:48.136488492Z,10,2,38,A,B,2,233.51,200,130,167008,11540728,233.65,233.74,1,500,1,1,233.53,233.75,10,201,1,2,233.51,233.77,200,8,1,1,233.48,233.78,26,150,1,2,233.45,233.8,15,225,1,2,233.4,233.86,110,28,2,1,233.39,233.94,10,200,1,1,233.31,233.98,110,44,2,3,233.3,234.0,100,154,1,7,233.25,234.13,55,400,2,1,AAPL
2024-10-21T11:57:48.194778031Z,2024-10-21T11:57:48.194611663Z,10,2,38,C,B,3,233.48,26,130,166368,11540865,233.65,233.74,1,500,1,1,233.53,233.75,10,201,1,2,233.51,233.77,200,8,1,1,233.45,233.78,15,150,1,2,233.4,233.8,110,225,2,2,233.39,233.86,10,28,1,1,233.31,233.94,110,200,2,1,233.3,233.98,100,44,1,3,233.25,234.0,55,154,2,7,233.24,234.13,1,400,1,1,AAPL
2024-10-21T11:57:48.194826771Z,2024-10-21T11:57:48.194659897Z,10,2,38,A,B,3,233.49,29,130,166874,11540868,233.65,233.74,1,500,1,1,233.53,233.75,10,201,1,2,233.51,233.77,200,8,1,1,233.49,233.78,29,150,1,2,233.45,233.8,15,225,1,2,233.4,233.86,110,28,2,1,233.39,233.94,10,200,1,1,233.31,233.98,110,44,2,3,233.3,234.0,100,154,1,7,233.25,234.13,55,400,2,1,AAPL
2024-10-21T11:57:51.070775104Z,2024-10-21T11:57:51.070607242Z,10,2,38,T,N,0,233.71,50,130,167862,11543012,233.65,233.74,1,500,1,1,233.53,233.75,10,201,1,2,233.51,233.77,200,8,1,1,233.49,233.78,29,150,1,2,233.45,233.8,15,225,1,2,233.4,233.86,110,28,2,1,233.39,233.94,10,200,1,1,233.31,233.98,110,44,2,3,233.3,234.0,100,154,1,7,233.25,234.13,55,400,2,1,AAPL
2024-10-21T11:57:51.271362157Z,2024-10-21T11:57:51.271195500Z,10,2,38,A,A,4,233.79,200,130,166657,11543518,233.65,233.74,1,500,1,1,233.53,233.75,10,201,1,2,233.51,233.77,200,8,1,1,233.49,233.78,29,150,1,2,233.45,233.79,15,200,1,1,233.4,233.8,110,25,2,1,233.39,233.86,10,28,1,1,233.31,233.94,110,200,2,1,233.3,233.98,100,44,1,3,233.25,234.0,55,154,2,7,AAPL
2024-10-21T11:57:51.287274496Z,2024-10-21T11:57:51.287108312Z,10,2,38,C,A,6,233.86,28,130,166184,11543617,233.65,233.74,1,500,1,1,233.53,233.75,10,201,1,2,233.51,233.77,200,8,1,1,233.49,233.78,29,150,1,2,233.45,233.79,15,200,1,1,233.4,233.8,110,25,2,1,233.39,233.94,10,200,1,1,233.31,233.98,110,44,2,3,233.3,234.0,100,154,1,7,233.25,234.13,55,400,2,1,AAPL
2024-10-21T11:57:51.287324161Z,2024-10-21T11:57:51.287157718Z,10,2,38,A,A,6,233.85,29,130,166443,11543618,233.65,233.74,1,500,1,1,233.53,233.75,10,201,1,2,233.51,233.77,200,8,1,1,233.49,233.78,29,150,1,2,233.45,233.79,15,200,1,1,233.4,233.8,110,25,2,1,233.39,233.85,10,29,1,1,233.31,233.94,110,200,2,1,233.3,233.98,100,44,1,3,233.25,234.0,55,154,2,7,AAPL
2024-10-21T11:57:51.322868054Z,2024-10-21T11:57:51.322699915Z,10,2,38,T,N,0,233.71,7,130,168139,11543733,233.65,233.74,1,500,1,1,233.53,233.75,10,201,1,2,233.51,233.77,200,8,1,1,233.49,233.78,29,150,1,2,233.45,233.79,15,200,1,1,233.4,233.8,110,25,2,1,233.39,233.85,10,29,1,1,233.31,233.94,110,200,2,1,233.3,233.98,100,44,1,3,233.25,234.0,55,154,2,7,AAPL
2024-10-21T11:57:52.318095141Z,2024-10-21T11:57:52.317929239Z,10,2,38,C,A,4,233.79,200,130,165902,11544404,233.65,233.74,1,500,1,1,233.53,233.75,10,201,1,2,233.51,233.77,200,8,1,1,233.49,233.78,29,150,1,2,233.45,233.8,15,25,1,1,233.4,233.85,110,29,2,1,233.39,233.94,10,200,1,1,233.31,233.98,110,44,2,3,233.3,234.0,100,154,1,7,233.25,234.13,55,400,2,1,AAPL
2024-10-21T11:57:52.318108707Z,2024-10-21T11:57:52.317942384Z,10,2,38,A,A,4,233.8,200,130,166323,11544405,233.65,233.74,1,500,1,1,233.53,233.75,10,201,1,2,233.51,233.77,200,8,1,1,233.49,233.78,29,150,1,2,233.45,233.8,15,225,1,2,233.4,233.85,110,29,2,1,233.39,233.94,10,200,1,1,233.31,233.98,110,44,2,3,233.3,234.0,100,154,1,7,233.25,234.13,55,400,2,1,AAPL
2024-10-21T11:57:58.266750822Z,2024-10-21T11:57:58.266584280Z,10,2,38,A,A,4,233.79,200,130,166542,11548474,233.65,233.74,1,500,1,1,233.53,233.75,10,201,1,2,233.51,233.77,200,8,1,1,233.49,233.78,29,150,1,2,233.45,233.79,15,200,1,1,233.4,233.8,110,25,2,1,233.39,233.85,10,29,1,1,233.31,233.94,110,200,2,1,233.3,233.98,100,44,1,3,233.25,234.0,55,154,2,7,AAPL
2024-10-21T11:58:06.284887079Z,2024-10-21T11:58:06.284720780Z,10,2,38,C,B,2,233.51,200,130,166299,11554578,233.65,233.74,1,500,1,1,233.53,233.75,10,201,1,2,233.49,233.77,29,8,1,1,233.45,233.78,15,150,1,2,233.4,233.79,110,200,2,1,233.39,233.8,10,25,1,1,233.31,233.85,110,29,2,1,233.3,233.94,100,200,1,1,233.25,233.98,55,44,2,3,233.24,234.0,1,154,1,7,AAPL
2024-10-21T11:58:06.284899850Z,2024-10-21T11:58:06.284733562Z,10,2,38,A,B,2,233.49,200,130,166288,11554579,233.65,233.74,1,500,1,1,233.53,233.75,10,201,1,2,233.49,233.77,229,8,2,1,233.45,233.78,15,150,1,2,233.4,233.79,110,200,2,1,233.39,233.8,10,25,1,1,233.31,233.85,110,29,2,1,233.3,233.94,100,200,1,1,233.25,233.98,55,44,2,3,233.24,234.0,1,154,1,7,AAPL
2024-10-21T11:58:06.339737678Z,2024-10-21T11:58:06.339571308Z,10,2,38,A,A,3,233.78,200,130,166370,11554687,233.65,233.74,1,500,1,1,233.53,233.75,10,201,1,2,233.49,233.77,229,8,2,1,233.45,233.78,15,350,1,3,233.4,233.8,110,25,2,1,233.39,233.85,10,29,1,1,233.31,233.94,110,200,2,1,233.3,233.98,100,44,1,3,233.25,234.0,55,154,2,7,233.24,234.13,1,400,1,1,AAPL
2024-10-21T11:58:06.359996032Z,2024-10-21T11:58:06.359829740Z,10,2,38,A,B,2,233.49,200,130,166292,11554809,233.65,233.74,1,500,1,1,233.53,233.75,10,201,1,2,233.49,233.77,429,8,3,1,233.45,233.78,15,350,1,3,233.4,233.8,110,25,2,1,233.39,233.85,10,29,1,1,233.31,233.94,110,200,2,1,233.3,233.98,100,44,1,3,233.25,234.0,55,154,2,7,233.24,234.13,1,400,1,1,AAPL
2024-10-21T11:58:06.360372874Z,2024-10-21T11:58:06.360206541Z,10,2,38,A,A,5,233.84,29,130,166333,11554810,233.65,233.74,1,500,1,1,233.53,233.75,10,201,1,2,233.49,233.77,429,8,3,1,233.45,233.78,15,350,1,3,233.4,233.8,110,25,2,1,233.39,233.84,10,29,1,1,233.31,233.85,110,29,2,1,233.3,233.94,100,200,1,1,233.25,233.98,55,44,2,3,233.24,234.0,1,154,1,7,AAPL
2024-10-21T11:58:06.360409628Z,2024-10-21T11:58:06.360243785Z,10,2,38,C,A,6,233.85,29,130,165843,11554811,233.65,233.74,1,500,1,1,233.53,233.75,10,201,1,2,233.49,233.77,429,8,3,1,233.45,233.78,15,350,1,3,233.4,233.8,110,25,2,1,233.39,233.84,10,29,1,1,233.31,233.94,110,200,2,1,233.3,233.98,100,44,1,3,233.25,234.0,55,154,2,7,233.24,234.13,1,400,1,1,AAPL
2024-10-21T11:58:06.414826565Z,2024-10-21T11:58:06.414660818Z,10,2,38,C,B,2,233.49,200,130,165747,11554881,233.65,233.74,1,500,1,1,233.53,233.75,10,201,1,2,233.49,233.77,229,8,2,1,233.45,233.78,15,350,1,3,233.4,233.8,110,25,2,1,233.39,233.84,10,29,1,1,233.31,233.94,110,200,2,1,233.3,233.98,100,44,1,3,233.25,234.0,55,154,2,7,233.24,234.13,1,400,1,1,AAPL
2024-10-21T11:58:06.414839107Z,2024-10-21T11:58:06.414672832Z,10,2,38,A,B,2,233.51,200,130,166275,11554882,233.65,233.74,1,500,1,1,233.53,233.75,10,201,1,2,233.51,233.77,200,8,1,1,233.49,233.78,29,350,1,3,233.45,233.8,15,25,1,1,233.4,233.84,110,29,2,1,233.39,233.94,10,200,1,1,233.31,233.98,110,44,2,3,233.3,234.0,100,154,1,7,233.25,234.13,55,400,2,1,AAPL
2024-10-21T11:58:14.036518564Z,2024-10-21T11:58:14.036350634Z,10,2,38,T,N,0,233.73,87,130,167930,11561326,233.65,233.74,1,500,1,1,233.53,233.75,10,201,1,2,233.51,233.77,200,8,1,1,233.49,233.78,29,350,1,3,233.45,233.8,15,25,1,1,233.4,233.84,110,29,2,1,233.39,233.94,10,200,1,1,233.31,233.98,110,44,2,3,233.3,234.0,100,154,1,7,233.25,234.13,55,400,2,1,AAPL
2024-10-21T11:58:14.036543021Z,2024-10-21T11:58:14.036377136Z,10,2,38,C,A,3,233.78,200,130,165885,11561327,233.65,233.74,1,500,1,1,233.53,233.75,10,201,1,2,233.51,233.77,200,8,1,1,233.49,233.78,29,150,1,2,233.45,233.8,15,25,1,1,233.4,233.84,110,29,2,1,233.39,233.94,10,200,1,1,233.31,233.98,110,44,2,3,233.3,234.0,100,154,1,7,233.25,234.13,55,400,2,1,AAPL
2024-10-21T11:58:14.144875530Z,2024-10-21T11:58:14.144708873Z,10,2,38,A,A,3,233.78,200,130,166657,11561371,233.65,233.74,1,500,1,1,233.53,233.75,10,201,1,2,233.51,233.77,200,8,1,1,233.49,233.78,29,350,1,3,233.45,233.8,15,25,1,1,233.4,233.84,110,29,2,1,233.39,233.94,10,200,1,1,233.31,233.98,110,44,2,3,233.3,234.0,100,154,1,7,233.25,234.13,55,400,2,1,AAPL
2024-10-21T11:58:18.578872390Z,2024-10-21T11:58:18.578706483Z,10,2,38,C,A,3,233.78,200,130,165907,11564710,233.65,233.74,1,500,1,1,233.53,233.75,10,201,1,2,233.51,233.77,200,8,1,1,233.49,233.78,29,150,1,2,233.45,233.8,15,25,1,1,233.4,233.84,110,29,2,1,233.39,233.94,10,200,1,1,233.31,233.98,110,44,2,3,233.3,234.0,100,154,1,7,233.25,234.13,55,400,2,1,AAPL
2024-10-21T11:58:18.578884023Z,2024-10-21T11:58:18.578717695Z,10,2,38,A,A,4,233.79,200,130,166328,11564711,233.65,233.74,1,500,1,1,233.53,233.75,10,201,1,2,233.51,233.77,200,8,1,1,233.49,233.78,29,150,1,2,233.45,233.79,15,200,1,1,233.4,233.8,110,25,2,1,233.39,233.84,10,29,1,1,233.31,233.94,110,200,2,1,233.3,233.98,100,44,1,3,233.25,234.0,55,154,2,7,AAPL
2024-10-21T11:58:18.649746443Z,2024-10-21T11:58:18.649580622Z,10,2,38,C,A,4,233.79,200,130,165821,11564816,233.65,233.74,1,500,1,1,233.53,233.75,10,201,1,2,233.51,233.77,200,8,1,1,233.49,233.78,29,150,1,2,233.45,233.8,15,25,1,1,233.4,233.84,110,29,2,1,233.39,233.94,10,200,1,1,233.31,233.98,110,44,2,3,233.3,234.0,100,154,1,7,233.25,234.13,55,400,2,1,AAPL
2024-10-21T11:58:18.666361221Z,2024-10-21T11:58:18.666193529Z,10,2,38,T,B,0,233.74,65,130,167692,11564831,233.65,233.74,1,500,1,1,233.53,233.75,10,201,1,2,233.51,233.77,200,8,1,1,233.49,233.78,29,150,1,2,233.45,233.8,15,25,1,1,233.4,233.84,110,29,2,1,233.39,233.94,10,200,1,1,233.31,233.98,110,44,2,3,233.3,234.0,100,154,1,7,233.25,234.13,55,400,2,1,AAPL
2024-10-21T11:58:18.666361221Z,2024-10-21T11:58:18.666193529Z,10,2,38,C,A,0,233.74,65,130,167692,11564831,233.65,233.74,1,435,1,1,233.53,233.75,10,201,1,2,233.51,233.77,200,8,1,1,233.49,233.78,29,150,1,2,233.45,233.8,15,25,1,1,233.4,233.84,110,29,2,1,233.39,233.94,10,200,1,1,233.31,233.98,110,44,2,3,233.3,234.0,100,154,1,7,233.25,234.13,55,400,2,1,AAPL
2024-10-21T11:58:18.722126458Z,2024-10-21T11:58:18.721960191Z,10,2,38,A,A,5,233.83,400,130,166267,11565202,233.65,233.74,1,435,1,1,233.53,233.75,10,201,1,2,233.51,233.77,200,8,1,1,233.49,233.78,29,150,1,2,233.45,233.8,15,25,1,1,233.4,233.83,110,400,2,1,233.39,233.84,10,29,1,1,233.31,233.94,110,200,2,1,233.3,233.98,100,44,1,3,233.25,234.0,55,154,2,7,AAPL
2024-10-21T11:58:18.722718534Z,2024-10-21T11:58:18.722551669Z,10,2,38,A,A,7,233.9,27,130,166865,11565205,233.65,233.74,1,435,1,1,233.53,233.75,10,201,1,2,233.51,233.77,200,8,1,1,233.49,233.78,29,150,1,2,233.45,233.8,15,25,1,1,233.4,233.83,110,400,2,1,233.39,233.84,10,29,1,1,233.31,233.9,110,27,2,1,233.3,233.94,100,200,1,1,233.25,233.98,55,44,2,3,AAPL
2024-10-21T11:58:18.722745911Z,2024-10-21T11:58:18.722579315Z,10,2,38,C,A,6,233.84,29,130,166596,11565206,233.65,233.74,1,435,1,1,233.53,233.75,10,201,1,2,233.51,233.77,200,8,1,1,233.49,233.78,29,150,1,2,233.45,233.8,15,25,1,1,233.4,233.83,110,400,2,1,233.39,233.9,10,27,1,1,233.31,233.94,110,200,2,1,233.3,233.98,100,44,1,3,233.25,234.0,55,154,2,7,AAPL
2024-10-21T11:58:18.734002535Z,2024-10-21T11:58:18.733836431Z,10,2,38,C,A,5,233.83,400,130,166104,11565231,233.65,233.74,1,435,1,1,233.53,233.75,10,201,1,2,233.51,233.77,200,8,1,1,233.49,233.78,29,150,1,2,233.45,233.8,15,25,1,1,233.4,233.9,110,27,2,1,233.39,233.94,10,200,1,1,233.31,233.98,110,44,2,3,233.3,234.0,100,154,1,7,233.25,234.13,55,400,2,1,AAPL
2024-10-21T11:58:18.771912264Z,2024-10-21T11:58:18.771745684Z,10,2,38,A,A,5,233.83,200,130,166580,11565306,233.65,233.74,1,435,1,1,233.53,233.75,10,201,1,2,233.51,233.77,200,8,1,1,233.49,233.78,29,150,1,2,233.45,233.8,15,25,1,1,233.4,233.83,110,200,2,1,233.39,233.9,10,27,1,1,233.31,233.94,110,200,2,1,233.3,233.98,100,44,1,3,233.25,234.0,55,154,2,7,AAPL
2024-10-21T11:58:19.575062840Z,2024-10-21T11:58:19.574896952Z,10,2,38,C,A,5,233.83,200,130,165888,11566008,233.65,233.74,1,435,1,1,233.53,233.75,10,201,1,2,233.51,233.77,200,8,1,1,233.49,233.78,29,150,1,2,233.45,233.8,15,25,1,1,233.4,233.9,110,27,2,1,233.39,233.94,10,200,1,1,233.31,233.98,110,44,2,3,233.3,234.0,100,154,1,7,233.25,234.13,55,400,2,1,AAPL
2024-10-21T11:58:19.575074157Z,2024-10-21T11:58:19.574907103Z,10,2,38,A,A,5,233.85,200,130,167054,11566009,233.65,233.74,1,435,1,1,233.53,233.75,10,201,1,2,233.51,233.77,200,8,1,1,233.49,233.78,29,150,1,2,233.45,233.8,15,25,1,1,233.4,233.85,110,200,2,1,233.39,233.9,10,27,1,1,233.31,233.94,110,200,2,1,233.3,233.98,100,44,1,3,233.25,234.0,55,154,2,7,AAPL
2024-10-21T11:58:19.604637959Z,2024-10-21T11:58:19.604471701Z,10,2,38,A,B,2,233.52,200,130,166258,11566140,233.65,233.74,1,435,1,1,233.53,233.75,10,201,1,2,233.52,233.77,200,8,1,1,233.49,233.78,29,150,1,2,233.45,233.8,15,25,1,1,233.4,233.85,110,200,2,1,233.39,233.9,10,27,1,1,233.31,233.94,110,200,2,1,233.3,233.98,100,44,1,3,233.25,234.0,55,154,2,7,AAPL
2024-10-21T11:58:19.632669907Z,2024-10-21T11:58:19.632503658Z,10,2,38,A,A,5,233.84,200,130,166249,11566182,233.65,233.74,1,435,1,1,233.53,233.75,10,201,1,2,233.52,233.77,200,8,1,1,233.49,233.78,29,150,1,2,233.45,233.8,15,25,1,1,233.4,233.84,110,200,2,1,233.39,233.9,10,27,1,1,233.31,233.94,110,200,2,1,233.3,233.98,100,44,1,3,233.25,234.0,55,154,2,7,AAPL
2024-10-21T11:58:21.722523136Z,2024-10-21T11:58:21.722356897Z,10,2,38,A,A,5,233.84,200,130,166239,11567782,233.65,233.74,1,435,1,1,233.53,233.75,10,201,1,2,233.52,233.77,200,8,1,1,233.49,233.78,29,150,1,2,233.45,233.8,15,25,1,1,233.4,233.84,110,400,2,2,233.39,233.9,10,27,1,1,233.31,233.94,110,200,2,1,233.3,233.98,100,44,1,3,233.25,234.0,55,154,2,7,AAPL
2024-10-21T11:58:21.794830742Z,2024-10-21T11:58:21.794663862Z,10,2,38,A,B,1,233.55,200,130,166880,11567840,233.65,233.74,1,435,1,1,233.55,233.75,200,201,1,2,233.53,233.77,10,8,1,1,233.49,233.78,29,150,1,2,233.45,233.8,15,25,1,1,233.4,233.84,110,400,2,2,233.39,233.9,10,27,1,1,233.31,233.94,110,200,2,1,233.3,233.98,100,44,1,3,233.25,234.0,55,154,2,7,AAPL
2024-10-21T11:58:32.993512492Z,2024-10-21T11:58:32.993346096Z,10,2,38,A,B,1,233.56,200,130,166396,11577193,233.65,233.74,1,435,1,1,233.56,233.75,200,201,1,2,233.53,233.77,10,8,1,1,233.49,233.78,29,150,1,2,233.45,233.8,15,25,1,1,233.4,233.84,110,400,2,2,233.39,233.9,10,27,1,1,233.31,233.94,110,200,2,1,233.3,233.98,100,44,1,3,233.25,234.0,55,154,2,7,AAPL
2024-10-21T11:58:37.947719334Z,2024-10-21T11:58:37.947553299Z,10,2,38,C,A,5,233.84,200,130,166035,11580485,233.65,233.74,1,435,1,1,233.56,233.75,200,201,1,2,233.53,233.77,10,8,1,1,233.49,233.78,29,150,1,2,233.45,233.8,15,25,1,1,233.4,233.84,110,200,2,1,233.39,233.9,10,27,1,1,233.31,233.94,110,200,2,1,233.3,233.98,100,44,1,3,233.25,234.0,55,154,2,7,AAPL
2024-10-21T11:58:37.947728963Z,2024-10-21T11:58:37.947562931Z,10,2,38,C,A,5,233.84,200,130,166032,11580486,233.65,233.74,1,435,1,1,233.56,233.75,200,201,1,2,233.53,233.77,10,8,1,1,233.49,233.78,29,150,1,2,233.45,233.8,15,25,1,1,233.4,233.9,110,27,2,1,233.39,233.94,10,200,1,1,233.31,233.98,110,44,2,3,233.3,234.0,100,154,1,7,233.25,234.13,55,400,2,1,AAPL
2024-10-21T11:58:37.947740754Z,2024-10-21T11:58:37.947573917Z,10,2,38,A,A,5,233.85,400,130,166837,11580487,233.65,233.74,1,435,1,1,233.56,233.75,200,201,1,2,233.53,233.77,10,8,1,1,233.49,233.78,29,150,1,2,233.45,233.8,15,25,1,1,233.4,233.85,110,400,2,1,233.39,233.9,10,27,1,1,233.31,233.94,110,200,2,1,233.3,233.98,100,44,1,3,233.25,234.0,55,154,2,7,AAPL
2024-10-21T11:58:40.491589839Z,2024-10-21T11:58:40.491423845Z,10,2,38,C,B,3,233.49,29,130,165994,11582081,233.65,233.74,1,435,1,1,233.56,233.75,200,201,1,2,233.53,233.77,10,8,1,1,233.45,233.78,15,150,1,2,233.4,233.8,110,25,2,1,233.39,233.85,10,400,1,1,233.31,233.9,110,27,2,1,233.3,233.94,100,200,1,1,233.25,233.98,55,44,2,3,233.24,234.0,1,154,1,7,AAPL
2024-10-21T11:58:40.491633125Z,2024-10-21T11:58:40.491466764Z,10,2,38,A,B,3,233.5,26,130,166361,11582082,233.65,233.74,1,435,1,1,233.56,233.75,200,201,1,2,233.53,233.77,10,8,1,1,233.5,233.78,26,150,1,2,233.45,233.8,15,25,1,1,233.4,233.85,110,400,2,1,233.39,233.9,10,27,1,1,233.31,233.94,110,200,2,1,233.3,233.98,100,44,1,3,233.25,234.0,55,154,2,7,AAPL
2024-10-21T11:58:50.556894132Z,2024-10-21T11:58:50.556727313Z,10,2,38,A,A,5,233.84,400,130,166819,11587782,233.65,233.74,1,435,1,1,233.56,233.75,200,201,1,2,233.53,233.77,10,8,1,1,233.5,233.78,26,150,1,2,233.45,233.8,15,25,1,1,233.4,233.84,110,400,2,1,233.39,233.9,10,27,1,1,233.31,233.94,110,200,2,1,233.3,233.98,100,44,1,3,233.25,234.0,55,154,2,7,AAPL
2024-10-21T11:58:53.131507522Z,2024-10-21T11:58:53.131341094Z,10,2,38,A,B,1,233.56,200,130,166428,11589174,233.65,233.74,1,435,1,1,233.56,233.75,400,201,2,2,233.53,233.77,10,8,1,1,233.5,233.78,26,150,1,2,233.45,233.8,15,25,1,1,233.4,233.84,110,400,2,1,233.39,233.9,10,27,1,1,233.31,233.94,110,200,2,1,233.3,233.98,100,44,1,3,233.25,234.0,55,154,2,7,AAPL
2024-10-21T11:58:53.954474192Z,2024-10-21T11:58:53.954307531Z,10,2,38,T,B,0,233.74,40,130,166661,11589595,233.65,233.74,1,435,1,1,233.56,233.75,400,201,2,2,233.53,233.77,10,8,1,1,233.5,233.78,26,150,1,2,233.45,233.8,15,25,1,1,233.4,233.84,110,400,2,1,233.39,233.9,10,27,1,1,233.31,233.94,110,200,2,1,233.3,233.98,100,44,1,3,233.25,234.0,55,154,2,7,AAPL
2024-10-21T11:58:53.954474192Z,2024-10-21T11:58:53.954307531Z,10,2,38,C,A,0,233.74,40,130,166661,11589595,233.65,233.74,1,395,1,1,233.56,233.75,400,201,2,2,233.53,233.77,10,8,1,1,233.5,233.78,26,150,1,2,233.45,233.8,15,25,1,1,233.4,233.84,110,400,2,1,233.39,233.9,10,27,1,1,233.31,233.94,110,200,2,1,233.3,233.98,100,44,1,3,233.25,234.0,55,154,2,7,AAPL
2024-10-21T11:58:53.954484330Z,2024-10-21T11:58:53.954317948Z,10,2,38,A,B,0,233.66,100,130,166382,11589596,233.66,233.74,100,395,1,1,233.65,233.75,1,201,1,2,233.56,233.77,400,8,2,1,233.53,233.78,10,150,1,2,233.5,233.8,26,25,1,1,233.45,233.84,15,400,1,1,233.4,233.9,110,27,2,1,233.39,233.94,10,200,1,1,233.31,233.98,110,44,2,3,233.3,234.0,100,154,1,7,AAPL
2024-10-21T11:58:53.954646013Z,2024-10-21T11:58:53.954477659Z,10,2,38,T,B,0,233.74,395,0,168354,11589601,233.66,233.74,100,395,1,1,233.65,233.75,1,201,1,2,233.56,233.77,400,8,2,1,233.53,233.78,10,150,1,2,233.5,233.8,26,25,1,1,233.45,233.84,15,400,1,1,233.4,233.9,110,27,2,1,233.39,233.94,10,200,1,1,233.31,233.98,110,44,2,3,233.3,234.0,100,154,1,7,AAPL
2024-10-21T11:58:53.954646013Z,2024-10-21T11:58:53.954477659Z,10,2,38,T,N,0,233.74,40,130,168354,11589602,233.66,233.75,100,201,1,2,233.65,233.77,1,8,1,1,233.56,233.78,400,150,2,2,233.53,233.8,10,25,1,1,233.5,233.84,26,400,1,1,233.45,233.9,15,27,1,1,233.4,233.94,110,200,2,1,233.39,233.98,10,44,1,3,233.31,234.0,110,154,2,7,233.3,234.13,100,400,1,1,AAPL
2024-10-21T11:58:53.954667578Z,2024-10-21T11:58:53.954501480Z,10,2,38,A,B,0,233.7,100,130,166098,11589603,233.7,233.75,100,201,1,2,233.66,233.77,100,8,1,1,233.65,233.78,1,150,1,2,233.56,233.8,400,25,2,1,233.53,233.84,10,400,1,1,233.5,233.9,26,27,1,1,233.45,233.94,15,200,1,1,233.4,233.98,110,44,2,3,233.39,234.0,10,154,1,7,233.31,234.13,110,400,2,1,AAPL
2024-10-21T11:58:53.954668924Z,2024-10-21T11:58:53.954502815Z,10,2,38,A,B,1,233.68,100,130,166109,11589604,233.7,233.75,100,201,1,2,233.68,233.77,100,8,1,1,233.66,233.78,100,150,1,2,233.65,233.8,1,25,1,1,233.56,233.84,400,400,2,1,233.53,233.9,10,27,1,1,233.5,233.94,26,200,1,1,233.45,233.98,15,44,1,3,233.4,234.0,110,154,2,7,233.39,234.13,10,400,1,1,AAPL
2024-10-21T11:58:53.954674047Z,2024-10-21T11:58:53.954507571Z,10,2,38,A,B,1,233.68,100,130,166476,11589605,233.7,233.75,100,201,1,2,233.68,233.77,200,8,2,1,233.66,233.78,100,150,1,2,233.65,233.8,1,25,1,1,233.56,233.84,400,400,2,1,233.53,233.9,10,27,1,1,233.5,233.94,26,200,1,1,233.45,233.98,15,44,1,3,233.4,234.0,110,154,2,7,233.39,234.13,10,400,1,1,AAPL
2024-10-21T11:58:53.954681864Z,2024-10-21T11:58:53.954515456Z,10,2,38,A,B,1,233.68,100,130,166408,11589606,233.7,233.75,100,201,1,2,233.68,233.77,300,8,3,1,233.66,233.78,100,150,1,2,233.65,233.8,1,25,1,1,233.56,233.84,400,400,2,1,233.53,233.9,10,27,1,1,233.5,233.94,26,200,1,1,233.45,233.98,15,44,1,3,233.4,234.0,110,154,2,7,233.39,234.13,10,400,1,1,AAPL
2024-10-21T11:58:53.954686890Z,2024-10-21T11:58:53.954518683Z,10,2,38,A,B,1,233.68,100,130,168207,11589607,233.7,233.75,100,201,1,2,233.68,233.77,400,8,4,1,233.66,233.78,100,150,1,2,233.65,233.8,1,25,1,1,233.56,233.84,400,400,2,1,233.53,233.9,10,27,1,1,233.5,233.94,26,200,1,1,233.45,233.98,15,44,1,3,233.4,234.0,110,154,2,7,233.39,234.13,10,400,1,1,AAPL
2024-10-21T11:58:53.954688296Z,2024-10-21T11:58:53.954521070Z,10,2,38,A,B,0,233.7,40,130,167226,11589608,233.7,233.75,140,201,2,2,233.68,233.77,400,8,4,1,233.66,233.78,100,150,1,2,233.65,233.8,1,25,1,1,233.56,233.84,400,400,2,1,233.53,233.9,10,27,1,1,233.5,233.94,26,200,1,1,233.45,233.98,15,44,1,3,233.4,234.0,110,154,2,7,233.39,234.13,10,400,1,1,AAPL
2024-10-21T11:58:53.954700521Z,2024-10-21T11:58:53.954534910Z,10,2,38,C,A,4,233.84,400,130,165611,11589609,233.7,233.75,140,201,2,2,233.68,233.77,400,8,4,1,233.66,233.78,100,150,1,2,233.65,233.8,1,25,1,1,233.56,233.9,400,27,2,1,233.53,233.94,10,200,1,1,233.5,233.98,26,44,1,3,233.45,234.0,15,154,1,7,233.4,234.13,110,400,2,1,233.39,234.17,10,1,1,1,AAPL
2024-10-21T11:58:53.954701970Z,2024-10-21T11:58:53.954535707Z,10,2,38,A,B,2,233.67,40,130,166263,11589610,233.7,233.75,140,201,2,2,233.68,233.77,400,8,4,1,233.67,233.78,40,150,1,2,233.66,233.8,100,25,1,1,233.65,233.9,1,27,1,1,233.56,233.94,400,200,2,1,233.53,233.98,10,44,1,3,233.5,234.0,26,154,1,7,233.45,234.13,15,400,1,1,233.4,234.17,110,1,2,1,AAPL
2024-10-21T11:58:53.954713634Z,2024-10-21T11:58:53.954546864Z,10,2,38,C,B,1,233.68,100,130,166770,11589611,233.7,233.75,140,201,2,2,233.68,233.77,300,8,3,1,233.67,233.78,40,150,1,2,233.66,233.8,100,25,1,1,233.65,233.9,1,27,1,1,233.56,233.94,400,200,2,1,233.53,233.98,10,44,1,3,233.5,234.0,26,154,1,7,233.45,234.13,15,400,1,1,233.4,234.17,110,1,2,1,AAPL
2024-10-21T11:58:53.954714820Z,2024-10-21T11:58:53.954549208Z,10,2,38,C,B,0,233.7,100,130,165612,11589612,233.7,233.75,40,201,1,2,233.68,233.77,300,8,3,1,233.67,233.78,40,150,1,2,233.66,233.8,100,25,1,1,233.65,233.9,1,27,1,1,233.56,233.94,400,200,2,1,233.53,233.98,10,44,1,3,233.5,234.0,26,154,1,7,233.45,234.13,15,400,1,1,233.4,234.17,110,1,2,1,AAPL
2024-10-21T11:58:53.954724743Z,2024-10-21T11:58:53.954555754Z,10,2,38,T,N,0,233.74,110,130,168989,11589613,233.7,233.75,40,201,1,2,233.68,233.77,300,8,3,1,233.67,233.78,40,150,1,2,233.66,233.8,100,25,1,1,233.65,233.9,1,27,1,1,233.56,233.94,400,200,2,1,233.53,233.98,10,44,1,3,233.5,234.0,26,154,1,7,233.45,234.13,15,400,1,1,233.4,234.17,110,1,2,1,AAPL
2024-10-21T11:58:53.954731951Z,2024-10-21T11:58:53.954564591Z,10,2,38,C,B,1,233.68,100,130,167360,11589614,233.7,233.75,40,201,1,2,233.68,233.77,200,8,2,1,233.67,233.78,40,150,1,2,233.66,233.8,100,25,1,1,233.65,233.9,1,27,1,1,233.56,233.94,400,200,2,1,233.53,233.98,10,44,1,3,233.5,234.0,26,154,1,7,233.45,234.13,15,400,1,1,233.4,234.17,110,1,2,1,AAPL
2024-10-21T11:58:53.954737728Z,2024-10-21T11:58:53.954570870Z,10,2,38,C,B,1,233.68,100,130,166858,11589615,233.7,233.75,40,201,1,2,233.68,233.77,100,8,1,1,233.67,233.78,40,150,1,2,233.66,233.8,100,25,1,1,233.65,233.9,1,27,1,1,233.56,233.94,400,200,2,1,233.53,233.98,10,44,1,3,233.5,234.0,26,154,1,7,233.45,234.13,15,400,1,1,233.4,234.17,110,1,2,1,AAPL
2024-10-21T11:58:53.954832820Z,2024-10-21T11:58:53.954666995Z,10,2,38,C,B,3,233.66,100,130,165825,11589616,233.7,233.75,40,201,1,2,233.68,233.77,100,8,1,1,233.67,233.78,40,150,1,2,233.65,233.8,1,25,1,1,233.56,233.9,400,27,2,1,233.53,233.94,10,200,1,1,233.5,233.98,26,44,1,3,233.45,234.0,15,154,1,7,233.4,234.13,110,400,2,1,233.39,234.17,10,1,1,1,AAPL
2024-10-21T11:58:53.955116146Z,2024-10-21T11:58:53.954950395Z,10,2,38,C,B,1,233.68,100,130,165751,11589618,233.7,233.75,40,201,1,2,233.67,233.77,40,8,1,1,233.65,233.78,1,150,1,2,233.56,233.8,400,25,2,1,233.53,233.9,10,27,1,1,233.5,233.94,26,200,1,1,233.45,233.98,15,44,1,3,233.4,234.0,110,154,2,7,233.39,234.13,10,400,1,1,233.31,234.17,110,1,2,1,AAPL
2024-10-21T11:58:54.013732422Z,2024-10-21T11:58:54.013566047Z,10,2,38,A,A,4,233.84,200,130,166375,11590027,233.7,233.75,40,201,1,2,233.67,233.77,40,8,1,1,233.65,233.78,1,150,1,2,233.56,233.8,400,25,2,1,233.53,233.84,10,200,1,1,233.5,233.9,26,27,1,1,233.45,233.94,15,200,1,1,233.4,233.98,110,44,2,3,233.39,234.0,10,154,1,7,233.31,234.13,110,400,2,1,AAPL
2024-10-21T11:58:54.013755259Z,2024-10-21T11:58:54.013589130Z,10,2,38,C,A,4,233.84,200,130,166129,11590028,233.7,233.75,40,201,1,2,233.67,233.77,40,8,1,1,233.65,233.78,1,150,1,2,233.56,233.8,400,25,2,1,233.53,233.9,10,27,1,1,233.5,233.94,26,200,1,1,233.45,233.98,15,44,1,3,233.4,234.0,110,154,2,7,233.39,234.13,10,400,1,1,233.31,234.17,110,1,2,1,AAPL
2024-10-21T11:58:54.021610376Z,2024-10-21T11:58:54.021444014Z,10,2,38,A,A,4,233.84,200,130,166362,11590029,233.7,233.75,40,201,1,2,233.67,233.77,40,8,1,1,233.65,233.78,1,150,1,2,233.56,233.8,400,25,2,1,233.53,233.84,10,200,1,1,233.5,233.9,26,27,1,1,233.45,233.94,15,200,1,1,233.4,233.98,110,44,2,3,233.39,234.0,10,154,1,7,233.31,234.13,110,400,2,1,AAPL
2024-10-21T11:58:54.043514811Z,2024-10-21T11:58:54.043347922Z,10,2,38,A,A,4,233.84,200,130,166889,11590054,233.7,233.75,40,201,1,2,233.67,233.77,40,8,1,1,233.65,233.78,1,150,1,2,233.56,233.8,400,25,2,1,233.53,233.84,10,400,1,2,233.5,233.9,26,27,1,1,233.45,233.94,15,200,1,1,233.4,233.98,110,44,2,3,233.39,234.0,10,154,1,7,233.31,234.13,110,400,2,1,AAPL
2024-10-21T11:58:54.063932439Z,2024-10-21T11:58:54.063766628Z,10,2,38,C,B,1,233.67,40,130,165811,11590066,233.7,233.75,40,201,1,2,233.65,233.77,1,8,1,1,233.56,233.78,400,150,2,2,233.53,233.8,10,25,1,1,233.5,233.84,26,400,1,2,233.45,233.9,15,27,1,1,233.4,233.94,110,200,2,1,233.39,233.98,10,44,1,3,233.31,234.0,110,154,2,7,233.3,234.13,100,400,1,1,AAPL
2024-10-21T11:58:54.213932055Z,2024-10-21T11:58:54.213766156Z,10,2,38,C,B,0,233.7,40,130,165899,11590218,233.65,233.75,1,201,1,2,233.56,233.77,400,8,2,1,233.53,233.78,10,150,1,2,233.5,233.8,26,25,1,1,233.45,233.84,15,400,1,2,233.4,233.9,110,27,2,1,233.39,233.94,10,200,1,1,233.31,233.98,110,44,2,3,233.3,234.0,100,154,1,7,233.25,234.13,55,400,2,1,AAPL
2024-10-21T11:58:58.704824203Z,2024-10-21T11:58:58.704657287Z,10,2,38,A,B,2,233.54,26,130,166916,11592894,233.65,233.75,1,201,1,2,233.56,233.77,400,8,2,1,233.54,233.78,26,150,1,2,233.53,233.8,10,25,1,1,233.5,233.84,26,400,1,2,233.45,233.9,15,27,1,1,233.4,233.94,110,200,2,1,233.39,233.98,10,44,1,3,233.31,234.0,110,154,2,7,233.3,234.13,100,400,1,1,AAPL
2024-10-21T11:58:58.704911600Z,2024-10-21T11:58:58.704745556Z,10,2,38,C,B,4,233.5,26,130,166044,11592895,233.65,233.75,1,201,1,2,233.56,233.77,400,8,2,1,233.54,233.78,26,150,1,2,233.53,233.8,10,25,1,1,233.45,233.84,15,400,1,2,233.4,233.9,110,27,2,1,233.39,233.94,10,200,1,1,233.31,233.98,110,44,2,3,233.3,234.0,100,154,1,7,233.25,234.13,55,400,2,1,AAPL
2024-10-21T11:58:58.758575390Z,2024-10-21T11:58:58.758409305Z,10,2,38,C,B,1,233.56,200,130,166085,11592914,233.65,233.75,1,201,1,2,233.56,233.77,200,8,1,1,233.54,233.78,26,150,1,2,233.53,233.8,10,25,1,1,233.45,233.84,15,400,1,2,233.4,233.9,110,27,2,1,233.39,233.94,10,200,1,1,233.31,233.98,110,44,2,3,233.3,234.0,100,154,1,7,233.25,234.13,55,400,2,1,AAPL
2024-10-21T11:58:58.758589359Z,2024-10-21T11:58:58.758422757Z,10,2,38,A,B,1,233.61,200,130,166602,11592915,233.65,233.75,1,201,1,2,233.61,233.77,200,8,1,1,233.54,233.78,26,150,1,2,233.53,233.8,10,25,1,1,233.45,233.84,15,400,1,2,233.4,233.9,110,27,2,1,233.39,233.94,10,200,1,1,233.31,233.98,110,44,2,3,233.3,234.0,100,154,1,7,233.25,234.13,55,400,2,1,AAPL
2024-10-21T11:58:58.912542023Z,2024-10-21T11:58:58.912375357Z,10,2,38,A,B,0,233.66,100,130,166666,11592972,233.66,233.75,100,201,1,2,233.65,233.77,1,8,1,1,233.61,233.78,200,150,1,2,233.54,233.8,26,25,1,1,233.53,233.84,10,400,1,2,233.45,233.9,15,27,1,1,233.4,233.94,110,200,2,1,233.39,233.98,10,44,1,3,233.31,234.0,110,154,2,7,233.3,234.13,100,400,1,1,AAPL
2024-10-21T11:58:58.912719366Z,2024-10-21T11:58:58.912551174Z,10,2,38,T,B,0,233.75,1,0,168192,11592975,233.66,233.75,100,201,1,2,233.65,233.77,1,8,1,1,233.61,233.78,200,150,1,2,233.54,233.8,26,25,1,1,233.53,233.84,10,400,1,2,233.45,233.9,15,27,1,1,233.4,233.94,110,200,2,1,233.39,233.98,10,44,1,3,233.31,234.0,110,154,2,7,233.3,234.13,100,400,1,1,AAPL
2024-10-21T11:58:58.912719366Z,2024-10-21T11:58:58.912551174Z,10,2,38,T,B,0,233.75,200,130,168192,11592976,233.66,233.75,100,200,1,1,233.65,233.77,1,8,1,1,233.61,233.78,200,150,1,2,233.54,233.8,26,25,1,1,233.53,233.84,10,400,1,2,233.45,233.9,15,27,1,1,233.4,233.94,110,200,2,1,233.39,233.98,10,44,1,3,233.31,234.0,110,154,2,7,233.3,234.13,100,400,1,1,AAPL
2024-10-21T11:58:58.912719366Z,2024-10-21T11:58:58.912551174Z,10,2,38,C,A,0,233.75,200,130,168192,11592976,233.66,233.77,100,8,1,1,233.65,233.78,1,150,1,2,233.61,233.8,200,25,1,1,233.54,233.84,26,400,1,2,233.53,233.9,10,27,1,1,233.45,233.94,15,200,1,1,233.4,233.98,110,44,2,3,233.39,234.0,10,154,1,7,233.31,234.13,110,400,2,1,233.3,234.17,100,1,1,1,AAPL
2024-10-21T11:58:58.912744804Z,2024-10-21T11:58:58.912577219Z,10,2,38,A,B,0,233.68,100,130,167585,11592979,233.71,233.77,100,8,1,1,233.68,233.78,200,150,2,2,233.66,233.8,100,25,1,1,233.65,233.84,1,400,1,2,233.61,233.9,200,27,1,1,233.54,233.94,26,200,1,1,233.53,233.98,10,44,1,3,233.45,234.0,15,154,1,7,233.4,234.13,110,400,2,1,233.39,234.17,10,1,1,1,AAPL
2024-10-21T11:58:58.912755099Z,2024-10-21T11:58:58.912588388Z,10,2,38,A,B,1,233.68,100,130,166711,11592981,233.71,233.77,100,8,1,1,233.68,233.78,400,150,4,2,233.66,233.8,100,25,1,1,233.65,233.84,1,400,1,2,233.61,233.9,200,27,1,1,233.54,233.94,26,200,1,1,233.53,233.98,10,44,1,3,233.45,234.0,15,154,1,7,233.4,234.13,110,400,2,1,233.39,234.17,10,1,1,1,AAPL
2024-10-21T11:58:58.912761550Z,2024-10-21T11:58:58.912594900Z,10,2,38,A,B,1,233.7,38,130,166650,11592982,233.71,233.77,100,8,1,1,233.7,233.78,38,150,1,2,233.68,233.8,400,25,4,1,233.66,233.84,100,400,1,2,233.65,233.9,1,27,1,1,233.61,233.94,200,200,1,1,233.54,233.98,26,44,1,3,233.53,234.0,10,154,1,7,233.45,234.13,15,400,1,1,233.4,234.17,110,1,2,1,AAPL
2024-10-21T11:58:58.912776419Z,2024-10-21T11:58:58.912609151Z,10,2,38,A,B,3,233.67,38,130,167268,11592984,233.71,233.77,100,8,1,1,233.7,233.78,38,150,1,2,233.68,233.8,400,25,4,1,233.67,233.84,38,400,1,2,233.66,233.9,100,27,1,1,233.65,233.94,1,200,1,1,233.61,233.98,200,44,1,3,233.54,234.0,26,154,1,7,233.53,234.13,10,400,1,1,233.45,234.17,15,1,1,1,AAPL
2024-10-21T11:58:58.912779652Z,2024-10-21T11:58:58.912613899Z,10,2,38,C,B,2,233.68,100,130,165753,11592985,233.71,233.77,100,8,1,1,233.7,233.78,38,150,1,2,233.68,233.8,300,25,3,1,233.67,233.84,38,400,1,2,233.66,233.9,100,27,1,1,233.65,233.94,1,200,1,1,233.61,233.98,200,44,1,3,233.54,234.0,26,154,1,7,233.53,234.13,10,400,1,1,233.45,234.17,15,1,1,1,AAPL
2024-10-21T11:58:58.912783553Z,2024-10-21T11:58:58.912617614Z,10,2,38,C,A,3,233.84,200,130,165939,11592986,233.71,233.77,100,8,1,1,233.7,233.78,38,150,1,2,233.68,233.8,300,25,3,1,233.67,233.84,38,200,1,1,233.66,233.9,100,27,1,1,233.65,233.94,1,200,1,1,233.61,233.98,200,44,1,3,233.54,234.0,26,154,1,7,233.53,234.13,10,400,1,1,233.45,234.17,15,1,1,1,AAPL
2024-10-21T11:58:58.912786801Z,2024-10-21T11:58:58.912620981Z,10,2,38,C,B,0,233.71,100,130,165820,11592987,233.7,233.77,38,8,1,1,233.68,233.78,300,150,3,2,233.67,233.8,38,25,1,1,233.66,233.84,100,200,1,1,233.65,233.9,1,27,1,1,233.61,233.94,200,200,1,1,233.54,233.98,26,44,1,3,233.53,234.0,10,154,1,7,233.45,234.13,15,400,1,1,233.4,234.17,110,1,2,1,AAPL
2024-10-21T11:58:58.912794208Z,2024-10-21T11:58:58.912628049Z,10,2,38,C,A,3,233.84,200,130,166159,11592988,233.7,233.77,38,8,1,1,233.68,233.78,300,150,3,2,233.67,233.8,38,25,1,1,233.66,233.9,100,27,1,1,233.65,233.94,1,200,1,1,233.61,233.98,200,44,1,3,233.54,234.0,26,154,1,7,233.53,234.13,10,400,1,1,233.45,234.17,15,1,1,1,233.4,234.41,110,600,2,2,AAPL
2024-10-21T11:58:58.912804792Z,2024-10-21T11:58:58.912639087Z,10,2,38,C,B,1,233.68,100,130,165705,11592990,233.7,233.77,38,8,1,1,233.68,233.78,200,150,2,2,233.67,233.8,38,25,1,1,233.66,233.9,100,27,1,1,233.65,233.94,1,200,1,1,233.61,233.98,200,44,1,3,233.54,234.0,26,154,1,7,233.53,234.13,10,400,1,1,233.45,234.17,15,1,1,1,233.4,234.41,110,600,2,2,AAPL
2024-10-21T11:58:58.912808391Z,2024-10-21T11:58:58.912642543Z,10,2,38,C,B,1,233.68,100,130,165848,11592991,233.7,233.77,38,8,1,1,233.68,233.78,100,150,1,2,233.67,233.8,38,25,1,1,233.66,233.9,100,27,1,1,233.65,233.94,1,200,1,1,233.61,233.98,200,44,1,3,233.54,234.0,26,154,1,7,233.53,234.13,10,400,1,1,233.45,234.17,15,1,1,1,233.4,234.41,110,600,2,2,AAPL
2024-10-21T11:58:58.912849846Z,2024-10-21T11:58:58.912684059Z,10,2,38,C,B,3,233.66,100,130,165787,11592992,233.7,233.77,38,8,1,1,233.68,233.78,100,150,1,2,233.67,233.8,38,25,1,1,233.65,233.9,1,27,1,1,233.61,233.94,200,200,1,1,233.54,233.98,26,44,1,3,233.53,234.0,10,154,1,7,233.45,234.13,15,400,1,1,233.4,234.17,110,1,2,1,233.39,234.41,10,600,1,2,AAPL
2024-10-21T11:58:58.913120559Z,2024-10-21T11:58:58.912954809Z,10,2,38,C,B,1,235.0,1000,130,165750,11592994,233.7,233.77,38,8,1,1,233.67,233.78,38,150,1,2,233.65,233.8,1,25,1,1,233.61,233.9,200,27,1,1,233.54,233.94,26,200,1,1,233.53,233.98,10,44,1,3,233.45,234.0,15,154,1,7,233.4,234.13,110,400,2,1,233.39,234.17,10,1,1,1,233.31,234.41,110,600,2,2,AAPL
2024-10-21T11:58:58.926633058Z,2024-10-21T11:58:58.926466671Z,10,2,38,A,A,3,233.85,200,130,166387,11593007,233.7,233.77,38,8,1,1,233.67,233.78,38,150,1,2,233.65,233.8,1,25,1,1,233.61,233.85,200,200,1,1,233.54,233.9,26,27,1,1,233.53,233.94,10,200,1,1,233.45,233.98,15,44,1,3,233.4,234.0,110,154,2,7,233.39,234.13,10,400,1,1,233.31,234.17,110,1,2,1,AAPL
2024-10-21T11:58:58.945632815Z,2024-10-21T11:58:58.945466491Z,10,2,38,A,A,3,233.85,200,130,166324,11593017,233.7,233.77,38,8,1,1,233.67,233.78,38,150,1,2,233.65,233.8,1,25,1,1,233.61,233.85,200,400,1,2,233.54,233.9,26,27,1,1,233.53,233.94,10,200,1,1,233.45,233.98,15,44,1,3,233.4,234.0,110,154,2,7,233.39,234.13,10,400,1,1,233.31,234.17,110,1,2,1,AAPL
2024-10-21T11:58:58.980361981Z,2024-10-21T11:58:58.980196081Z,10,2,38,C,A,3,233.85,200,130,165900,11593035,233.7,233.77,38,8,1,1,233.67,233.78,38,150,1,2,233.65,233.8,1,25,1,1,233.61,233.85,200,200,1,1,233.54,233.9,26,27,1,1,233.53,233.94,10,200,1,1,233.45,233.98,15,44,1,3,233.4,234.0,110,154,2,7,233.39,234.13,10,400,1,1,233.31,234.17,110,1,2,1,AAPL
